% $Id$
%%%%%%%%%%%%%%%%%%%%%%%%%%%%%%%%%%%%%%%%%%%%%%%%%%%%%%%%%%%%%%%%%%%%%%%%%%%%%%%

@string{AAM    = "Adv.\ Appl.\ Mech."}
@string{ABE    = "Ann.\ Biomed.\ Eng."}
@string{AIAA   = "AIAA J."}
@string{AIAAJ  = "AIAA J."}
@string{AIChEJ = "A.\,I.\,Ch.\,E.\,J."}
@string{AICHEJ = "A.\,I.\,Ch.\,E.\,J."}
@string{AICHE  = "A.\,I.\,Ch.\,E.\,J."}
@string{AJ     = "Aero.\ J."}
@string{AMM    = "Appl.\ Math.\ Mod."}
@string{ANM    = "Appl.\ Num.\ Math."}
@string{ARBE   = "Annu.\ Rev.\ Biomed.\ Eng."}
@string{ARFM   = "Annu.\ Rev.\ Fluid Mech."}
@string{ARMA   = "Arch.\ Rat.\ Mech.\ Anal."}
@string{AS     = "Atomiz.\ Sprays"}
@string{ASR    = "Appl.\ Sci.\ Res."}
@string{ATE    = "Appl.\ Therm.\ Eng."}
@string{ATVB   = "Arter.\ Thromb.\ Vasc.\ Biol."}
@string{BJ     = "Biochem.\,J."}
@string{BLM    = "Boundary-Layer Met."}
@string{CACE   = "Computers and Chem.\ Eng."}
@string{CBM    = "Computers in Biol.\ \& Med."}
@string{CERD   = "Chem.\ Eng.\ Res.\ Des."}
@string{CES    = "Chem.\ Eng.\ Sci."}
@string{CF     = "Computers and Fluids"}
@string{CFD    = "Comp.\ Fluid Dyn."}
@string{CHROM  = "J.\,Chromatography"}
@string{CJCE   = "Can. J.\,Chem.\ Eng."}
@string{CM     = "Comput.\ Mech."}
@string{CMAME  = "Comp.\ Meth.\ Appl.\ Mech.\ \& Engng"}
@string{CME    = "Comp.\ Mech.\ Engng"}
@string{CP     = "Computers in Physics"}
@string{CUP    = "Cambridge University Press"}
@string{EF     = "Expts Fluids"}
@string{EJMB   = "Eur.\ J.\,Mech.~B/Fluids"}
@string{EJMBF  = "Eur.\ J.\,Mech.~B/Fluids"}
@string{EM     = "ASCE J.\,Eng.\ Mech."}
@string{ES     = "Engng Struct."}
@string{ETFS   = "Exptl Thermal \& Fluid Sci."}
@string{FEAD   = "Finite Elements Anal.\ Des."}
@string{FDR    = "Fluid Dyn.\ Res."}
@string{ICE    = "Trans.\ IChemE"}
@string{IECF   = "I.\,\&\,E.\,C.~Fund."}
@string{IECPDD = "Ind.\ Eng.\ Chem.\ Proc.\ Des.\ Dev."}
@string{IECR   = "Ind.\ Eng.\ Chem.\ Res."}
@string{IJBC   = "Intnl J.\,Bif.\ Chaos"}
@string{IJES   = "Intnl J.\,Engng Sci."}
@string{IJHE   = "Intnl J.\,Hydrogen Energy"}
@string{IJHFF  = "Intnl J.\,Heat\ Fluid Flow"}
@string{IJHMT  = "Intnl J.\,Heat\ Mass Transfer"}
@string{IJMF   = "Intnl J.\,Multiphase Flow"}
@string{IJNME  = "Intnl J.\,Num.\ Meth.\ Engng"}
@string{IJNMF  = "Intnl J.\,Num.\ Meth.\ Fluids"}
@string{IJR    = "Intnl J.\,Refig."}
@string{JA     = "J.\,Aircraft."}
@string{JAM    = "ASME J.\,Appl.\ Mech"}
@string{JAS    = "J.\,Aero.\ Sci."}
@string{JAMS   = "J.\,Austral.\ Math.\ Soc.\,B"}
@string{JASA   = "J.\,Ac.\ Soc.\ Am."}
@string{JB     = "J.\,Biomechanics"}
@string{JBC    = "J.\,Biol.\ Chem."}
@string{JCB    = "J.\,Cell Biol."}
@string{JBE    = "ASME J.\,Biomech. Eng."}
@string{JCAM   = "J.\,Comput.\ Appl.\ Math."}
@string{JCP    = "J.\,Comput.\ Phys."}
@string{JEI    = "ASME J.\,Engng for Ind.\"}
@string{JERT   = "ASME J.\,Energy Res.\ Tech."}
@string{JES    = "J.\,Electochem.\ Soc."}
@string{JFE    = "ASME J.\,Fluid Engng"}
@string{JFM    = "J.\,Fluid Mech."}
@string{JFS    = "J.\,Fluids \& Struct."}
@string{JHD    = "ASCE J.\,Hydr.\ Div."}
@string{JICE   = "J.\,Inst.\ Civil Eng."}
@string{JMA    = "SIAM J.\,Math.\ Anal."}
@string{JNA    = "SIAM J.\,Numer.\ Anal."}
@string{JNNFM  = "J.\,Non-Newt.\ Fluid Mech."}
@string{JoT    = "J.\,Turbulence."}
@string{JT     = "J.\,Turbulence."}
@string{JPP    = "J.\,Prop.\  Power"}
@string{JPS    = "J.\,Power Sources"}
@string{JSC    = "J.\,Sci.\ Comp."}
@string{JSD    = "ASCE J.\,Struct.\ Div."}
@string{JSSC   = "SIAM J.\,Sci.\ Stat.\ Comp."}
@string{JSV    = "J.\,Sound Vib."}
@string{JTM    = "J.\,Theor.\ Med."}
@string{JWEIA  = "J.\,Wind Eng.\ Ind.\ Aero."}
@string{MC     = "Math.\ Comput."}
@string{MEP    = "Med.\ Eng.~\& Phys."}
@string{MPCPS  = "Math.\ Proc.\ Camb.\ Phil.\ Soc."}
@string{MWR    = "Month.\ Weath.\ Rev."}
@string{NL     = "Nonlinearity"}
@string{NM     = "Numer.\ Math."}
@string{NHT    = "Numer.\ Heat Trans.\ A"}
@string{OUP    = "Oxford University Press"}
@string{PAS    = "Prog.\ Aerospace Sci."}
@string{PD     = "Physica~D"}
@string{PECS   = "Prog.\ Energy Combust.\ Sci."}
@string{PLA    = "Phys.\ Let.\,A"}
@string{PMB    = "Phys.\ Med.\ Biol."}
@string{PNAS   = "Proc.\ Nat.\ Acad.\ Sci."}
@string{PRA    = "Phys.\ Rev.\,A"}
@string{PRE    = "Phys.\ Rev.\,E"}
@string{PRL    = "Phys.\ Rev.\ Let."}
@string{PT     = "Powder Tech."}
@string{PTRSA  = "Phil.\ Trans.\ Roy.\ Soc.\ Lond.\,A"}
@string{PRSA   = "Proc.\ Roy.\ Soc.\ Lond.\,A"}
@string{PRSLA  = "Proc.\ Roy.\ Soc.\ Lond.\,A"}
@string{PRSLB  = "Proc.\ Roy.\ Soc.\ Lond.\,B"}
@string{PF     = "Phys.\ Fluids"}
@string{PoF    = "Phys.\ Fluids"}
@string{PoFA   = "Phys.\ Fluids\,A"}
@string{PUP    = "Princeton University Press"}
@string{RA     = "La Rech.\ Aerosp."}
@string{SA     = "Sci.\ American."}
@string{SSC    = "SIAM J.\ Sci.\ Stat.\ Comput."}
@string{TCFD   = "Theoret.\ Comput.\ Fluid Dynamics"}
@string{TIChE  = "Trans.\ IChemE"}
@string{WW     = "ASCE J\,Wat.\ Port, Coastal Ocean. Div."}
@string{ZAMP   = "Z. angew.\ Math.\ Phys."}

@Article{ap89,
  author = 	 "Cristina H. Amon and Anthony T. Patera",
  title = 	 "Numerical Calculation of Stable Three-Dimensional
		  Tertiary States in Grooved-Channel Flow",
  journal =	 PoFA,
  year =	 1989,
  volume =	 1,
  number =	 2,
  pages =	 "2005--2009"
}

@Article{pat84,
  author = 	 "Anthony T. Patera",
  title = 	 "A Spectral Element Method for Fluid Dynamics:
		  Laminar Flow in a Channel Expansion",
  journal =	 JCP,
  year =	 1984,
  volume =	 54,
  pages =	 "468--488"
}

@Article{kp86,
  author = 	 "Karol Z. Korczak and Anthony T. Patera",
  title = 	 "An Isoparametric Spectral Element Method for
		  Solution of the {Navier}--{Stokes} Equations in
		  Complex Geometry",
  journal =	 JCP,
  year =	 1986,
  volume =	 62,
  pages =	 "361--382"
}

@Book{chqz88,
  author = 	 "Claudio Canuto and M. Yousuff Hussaini and Alfio
		  Quarteroni and Thomas A. Zang",
  title = 	 "Spectral Methods in Fluid Dynamics",
  publisher = 	 "Springer-Verlag",
  address =      "Berlin",
  year = 	 1988
}

@Book{gs77,
  author = 	 "David Gottlieb and Steven A. Orszag",
  title = 	 "Numerical Analysis of Spectral Methods: Theory and
		  Applications",
  publisher = 	 "SIAM",
  year = 	 1977
}

@Article{kar89,
  author = 	 "George Em Karniadakis",
  title = 	 "Spectral Element Simulations of Laminar and
		  Turbulent Flows in Complex Geometries",
  journal =	 ANM,
  year =	 1989,
  volume =	 6,
  pages =	 "85--105"
}

@Article{kar90,
  author = 	 "G. E. Karniadakis",
  title = 	 "Spectral Element--{Fourier} Methods for Incompressible
		  Turbulent Flows",
  journal =	 CMAME,
  year =	 1990,
  volume =	 80,
  pages =	 "367--380"
}

@InProceedings{tok93,
  author = 	 "A. G. Tomboulides and S. A. Orszag and G. E. Karniadakis",
  title = 	 "Direct and Large-Eddy Simulation of Axisymmetric Wakes",
  number =	 "AIAA-93-0546",
  booktitle =	 "31st Aerospace Sciences Meeting and Exhibit",
  year =	 1993,
  organization = "AIAA",
  address =	 "Reno, Nevada"
}

@InBook{mt89,
  author = 	 "Yvon Maday and Anthony T. Patera",
  title = 	 "Spectral Element Methods for the Incompressible
		  {Navier}--{Stokes} Equations",
  chapter = 	 3,
  publisher =	 "ASME",
  year =	 1989,
  editor =	 "A. K. Noor and J. T. Oden",
  series =	 "State-of-the-Art Surveys on Computational Mechanics",
  pages =        "71--143"
}

@Book{fun97,
  author = 	 {D. Funaro},
  title = 	 {Spectral Elements for Transport-Dominated Equations},
  publisher = 	 {Springer-Verlag},
  year = 	 1997,
  volume =	 1,
  series =	 {Lecture Notes in Computational Science and Engineering},
  address =	 {Berlin}
}

@InCollection{kh98,
  author = 	 {George Em Karniadakis and Ronald D. Henderson},
  title = 	 {Spectral Element Methods for Incompressible Flows},
  booktitle = 	 {Handbook of Fluid Dynamics},
  pages =	 {29-1--29-41},
  publisher =	 {CRC Press},
  year =	 1998,
  editor =	 {R. W. Johnson},
  chapter =	 29,
  address =	 {Boca Raton}
}

@Article{kio91,
  author = 	 "George Em Karniadakis and Moshe Israeli and Steven
		  A. Orszag",
  title = 	 "High-Order Splitting Methods for the Incompressible
		  {Navier}--{Stokes} Equations",
  journal =	 JCP,
  year =	 1991,
  volume =	 97,
  number =	 2,
  pages =	 "414--443"
}

@InCollection{hen99b,
  author = 	 {Ronald D. Henderson},
  title = 	 {Adaptive Spectral Element Methods for 
                  Turbulence and Transition},
  booktitle = 	 {High-Order Methods for Computational Physics},
  pages =	 {225--324},
  publisher =	 {Springer},
  year =	 1999,
  editor =	 {T. J. Barth and H. Deconinck},
  chapter =	 3
}

@Book{kars05,
  author =	 {George Em Karniadakis and Spencer J. Sherwin},
  title = 	 {Spectral/$hp$ Element Methods for Computational
                  Fluid Dynamics},
  publisher = 	 OUP,
  edition =      {2nd},
  year = 	 2005
}

@Article{tomors00,
  author = 	 {Ananias G. Tomboulides and Steven A. Orszag},
  title = 	 {Numerical Investigation of Transitional and
                  Weak Turbulent Flow Past a Sphere},
  journal = 	 JFM,
  year = 	 2000,
  volume =	 416,
  pages =	 {45--73}
}

@Article{bllo02,
  author = 	 {H. M. Blackburn and J. M. Lopez},
  title = 	 {Modulated Rotating Waves in an Enclosed Swirling Flow},
  journal = 	 JFM,
  year = 	 2002,
  volume =       465,
  pages =        {33--58}
}

@Article{blsh04,
  author = 	 {H. M. Blackburn and S. J. Sherwin},
  title = 	 {Formulation of a {Galerkin} Spectral Element--{Fourier}
                  Method for Three-Dimensional Incompressible Flows
                  in Cylindrical Geometries},
  journal = 	 JCP,
  year = 	 2004,
  volume =       197,
  number =       2,
  pages =        {759--778}
}

@Book{dfm02,
  author =	 {M. O. Deville and P. F. Fischer and E. H. Mund},
  title = 	 {High-Order Methods for Incompressible Fluid Flow},
  publisher = 	 CUP,
  year = 	 2002
}


@Article{rb06,
  author = 	 {M. Rudman and H. M. Blackburn},
  title = 	 {Direct numerical simulation of turbulent
                   non-{Newtonian} flow using a spectral element method},
  journal = 	 AMM,
  year = 	 2006,
  volume =       30,
  number =       11,
  pages =        {1229--1248}
}

@InCollection{hmb03,
  author = 	 {H. M. Blackburn},
  title = 	 {Computational Bluff Body Fluid Dynamics and Aeroelasticity},
  booktitle = 	 {Coupling of Fluids, Structures and Waves Problems
                  in Aeronautics},
  publisher =	 {Springer},
  year =	 2003,
  pages =        {10--23},
  editor =	 {N. G. Barton and J. Periaux},
  series =	 {Notes in Numerical Fluid Mechanics}
}

@Article{blsh06,
  author = 	 {H. M. Blackburn and S. J. Sherwin},
  title = 	 {Instability Modes and Transition of Pulsatile Stenotic
                  Flow: Pulse-Period Dependence},
  journal = 	 JFM,
  year = 	 2006,
  note =        {In press}
}

@Article{ebs06,
  author = 	 {J. R. Elston and H. M. Blackburn and J. Sheridan},
  title = 	 {The Primary and Secondary Instabilities of Flow
                  Generated by an Oscillating Circular Cylinder},
  journal = 	 JFM,
  year = 	 2006,
  volume =       550,
  pages =        {359--389}
}

@Article{shbl04,
  author = 	 {S. J. Sherwin and H. M. Blackburn},
  title = 	 {Three-Dimensional Instabilities and Transition of
                  Steady and Pulsatile
                  Flows in an Axisymmetric Stenotic Tube},
  journal = 	 JFM,
  year = 	 2005,
  volume =       533,
  pages =        {297--327}
}

@Article{bml04,
  author = 	 {H. M. Blackburn and F. Marques and J. M. Lopez},
  title = 	 {Symmetry Breaking of Two-Dimensional Time-Periodic Wakes},
  journal = 	 JFM,
  year = 	 2005,
  volume =       522,
  pages =        {395--411}
}

@Article{bllo03b,
  author = 	 {H. M. Blackburn and J. M. Lopez},
  title = 	 {On Three-Dimensional Quasi-Periodic {Floquet} Instabilities
                  of Two-Dimensional Bluff Body Wakes},
  journal = 	 PoF,
  year = 	 2003,
  volume =       15,
  number =       8,
  pages =        {L57--60}
}

@Article{bllo03a,
  author = 	 {H. M. Blackburn and J. M. Lopez},
  title = 	 {The Onset of Three-Dimensional Standing and Modulated 
                  Travelling Waves in a Periodically Driven Cavity Flow},
  journal = 	 JFM,
  year = 	 2003,
  volume =       497,
  pages =        {289--317}
}

@Article{hmb02a,
  author = 	 {H. M. Blackburn},
  title = 	 {Three-Dimensional Instability and State Selection in
                  an Oscillatory Axisymmetric Swirling Flow},
  journal = 	 PoF,
  year = 	 2002,
  volume =       14,
  number =       11,
  pages =        {3983--3996}
}

@Article{hmb02b,
  author = 	 {H. M. Blackburn},
  title = 	 {Mass and Momemtum Transport from a Sphere
                  in Steady and Oscillatory Flows},
  journal = 	 PoF,
  year = 	 2002,
  volume =       14,
  number =       11,
  pages =        {3997--4011}
  
}

@Article{blsc03,
  author = 	 {H. M. Blackburn and S. Schmidt},
  title = 	 {Spectral Element Filtering Techniques for Large Eddy
                  Simulation with Dynamic Estimation},
  journal = 	 JCP,
  year = 	 2003,
  volume =       186,
  number =       2,
  pages =        {610--629}
}

@Article{bgw01,
  author = 	 {H. M. Blackburn and R. N. Govardhan and C. H. K. Williamson},
  title = 	 {A Complementary Numerical and Physical Investigation
                  of Vortex-Induced Vibration},
  journal = 	 JFS,
  year = 	 2001,
  volume =	 15,
  number =	 {3/4},
  pages =	 {481--488}
}

@Article{hmb01a,
  author = 	 {H. M. Blackburn},
  title = 	 {Dispersion and Diffusion in Coated Tubes of
                  Arbitrary Cross-Section},
  journal = 	 CaCE,
  year = 	 2001,
  volume =	 25,
  number =	 {2/3},
  pages =	 {313--322}
}

@Article{bh96a,
  author =       "H. M. Blackburn and R. D. Henderson",
  title = 	 "Lock-In Behaviour in Simulated Vortex-Induced Vibration",
  journal =	 ETFS,
  year =         1996,
  volume =	 12,
  number =       2,
  pages =	 "184--189"
}

@Article{bh99,
  author = 	 "H. M. Blackburn and R. D. Henderson",
  title = 	 "A Study of Two-Dimensional Flow Past an
                  Oscillating Cylinder",
  journal =	 JFM,
  year =	 1999,
  volume =       385,
  pages =        "255--286"
}
