This file was created with JabRef 2.2b2.
Encoding: UTF-8

@TECHREPORT{semtex,
  author = {H. M. Blackburn},
  title = {Using semtex},
  institution = {CSIRO Manufacturing and Infrastructure Technology},
  year = {2006},
  type = {CSIRO Doc.},
  number = {97/159(M)},
  month = {October 20},
  owner = {joerg},
  timestamp = {2007.06.21}
}

@comment{jabref-meta: selector_journal:}

@comment{jabref-meta: selector_author:}

@comment{jabref-meta: selector_keywords:}

@comment{jabref-meta: selector_publisher:}

