% $Id$
%
% This is a combined bibliography
%%%%%%%%%%%%%%%%%%%%%%%%%%%%%%%%%%%%%%%%%%%%%%%%%%%%%%%%%%%%%%%%%%%%%%%%%%%%%%

@string{A+R   = "Angus \& Robertson"}
@string{A+U   = "Allen \& Unwin"}
@string{ADB   = "Aust.\ Dict.\ of Biography"}
@string{CUP   = "Cambridge Univ.\ Press"}
@string{G+G   = "Gordon \& Gotch"}
@string{MUP   = "Melbourne Univ.\ Press"}
@string{OUP   = "Oxford Univ.\ Press"}
@string{BAAS  = "British Assoc.\ for the Adv.\ of Science"}
@string{ANUP  = "Aust.\ National Univ.\ Press"}
@string{UQP   = "Univ.\ of Queensland Press"}
@string{UNSWP = "Univ.\ of New South Wales Press"}

%%%%%%%%%%%%%%%%%%%%%%%%%%%%%%%%%%%%%%%%%%%%%%%%%%%%%%%%%%%%%%%%%%%%%%%%%%%%%%
% -- Published prior to 1920:

@InCollection{acheson1860,
  author = 	 {F. Acheson},
  title = 	 {Collection and Storage of Water in {Victoria}},
  booktitle = 	 {Victorian Government Prize Essays 1860},
  pages =	 {1--50},
  publisher =	 {Royal Soc.\ Vic.},
  year =	 1861,
  address =	 {Melbourne}
}

@Book{aasian1885,
  author =	 {Australasian},
  title = 	 {The {Australasian} {Farmer}: a practical handbook
                  for the farm and station},
  publisher = 	 {George Robertson for Wilson and Mackinnon},
  year = 	 1885,
  address =	 {Melbourne}
}

@Book{backhouse1843,
  author =	 {J. Backhouse},
  title = 	 {A Narrative of a Visit to the {Australian}
                  Colonies by James Backhouse},
  publisher = 	 {Hamilton Adams},
  year = 	 1843,
  address =	 {London}
}

@Book{bartley1892,
  author =	 {N. Bartley},
  title = 	 {Opals and Agates; or, Scenes under the Southern Cross
                  and the Magelhans: being the memories of
                  fifty years of {Australia} and {Polynesia}},
  publisher = 	 G+G,
  year = 	 1892,
  address =	 {Brisbane}
}

@Book{booth1869,
  author =	 {E. C. Booth},
  title = 	 {Another {England}: Life, Living, Homes and Home-Makers
                  in {Victoria}},
  publisher = 	 {Virtue \& Co.},
  year = 	 1869,
  address =	 {London}
}

@Book{booth1873,
  author =	 {E. C. Booth},
  title = 	 {Australia in the 1870s},
  publisher = 	 {Virtue \& Co.},
  year = 	 1873,
  address =	 {London}
}

@Book{boyd1882,
  author =	 {A. J. Boyd},
  title = 	 {Old Colonials},
  publisher = 	 G+G,
  year = 	 1892,
  address =	 {London}
}

@Book{baas1914,
  author =	 {{British Association for the Advancement of Science}},
  title = 	 {Handbook for {New} {South} {Wales}},
  publisher = 	 {Edward Lee \& Co.},
  year = 	 1914,
  address =	 {Sydney}
}

@Article{burn1840,
  author = 	 {D. Burn},
  title = 	 {A Picture of {Van} {Diemen's} {Land}},
  journal = 	 {The Colonial Magazine},
  year = 	 1840,
  pages =        141
}

@Book{coghlan1918,
  author =	 {T. A. Coghlan},
  title = 	 {Labour and Industry in {Australia}},
  publisher = 	 OUP,
  year = 	 1918
}

@Book{cornish1880,
  author =	 {H. Cornish},
  title = 	 {Under the {Southern} {Cross}},
  publisher = 	 {Higginbotham \& Co.},
  year = 	 1880,
  address =	 {London},
  note =         {Reprint, Penguin Books, 1975}
}

@Article{cotton1842,
  author = 	 {A. T. Cotton},
  title = 	 {On Irrigation in {Tasmania}},
  journal = 	 {Tas.\ J.\,Nat.\ Sci.},
  year = 	 1842,
  volume =	 1,
  pages =        {81--93, 161--187}
}

@Article{cotton1849,
  author = 	 {Cotton, ('Delta'), A. T.},
  title = 	 {The Uses of Water, and Means of Securing a Supply
                  of it in This Colony},
  journal = 	 {Australia Felix Monthly Magazine},
  year = 	 1849,
  volume =	 1,
  pages =        34
}

@Book{cunningham1841,
  author =	 {P. Cunningham},
  title = 	 {Hints for {Australian} Migrants},
  publisher = 	 {T. \& W. Boone},
  year = 	 1841,
  address =	 {London}
}

@InCollection{deakin1892,
  author = 	 {A. Deakin},
  title = 	 {Irrigation in {Australia}},
  booktitle = 	 {Yearbook of Australia},
  year =	 1892,
  address =	 {Sydney}
}

@Book{denison1870,
  author =	 {W. Denison},
  title = 	 {Varieties of {Vice-Regal} Life},
  publisher = 	 {Longmans, Green \& Co.},
  year = 	 1870,
  address =	 {London}
}

@Book{dutton1892,
  author =	 {F. S. Dutton},
  title = 	 {{South} {Australia} and its Mines,
                 with an Historical Sketch of the Colony},
  publisher = 	 {T. \& W. Boone},
  year = 	 1892,
  address =	 {London},
  note =         {Reprint, Austaprint 1978}
}

@Misc{gordon1878,
  author =	 {G. Gordon},
  title =	 {Lecture on Irrigation and Drainage},
  howpublished = {George Gordon papers, LaTL},
  year =	 1878
}

@Book{hawker1901,
  author =	 {James Collins Hawker},
  title = 	 {Early Experiences in {South} {Australia}: Second Series},
  publisher = 	 {E. S. Wigg},
  year = 	 1901,
  address =	 {Adelaide},
  note =	 {Reprint, 1975: Australiana Facsimile Editions,
                  State Library Board of SA}
}

@Article{gordon1883,
  author = 	 {G. Gordon},
  title = 	 {American and {Australian} Irrigation},
  journal = 	 {Trans. \& Proc.\ Austn Engng Assoc.},
  year = 	 {1883--1885},
  volume =	 1
}

@Article{gordon1900,
  author = 	 {G. Gordon},
  title = 	 {Irrigation in {Victoria}},
  journal = 	 {Min.\ Proc.\ Inst.\ Civil Eng.},
  year = 	 1900,
  volume =	 142,
  pages =        {326--333}
}

@Book{green1892,
  author =	 {J. J. Green and A. Molineux},
  title = 	 {Irrigation:
                  papers read in the Hall of the Chamber of Manufactures},
  publisher = 	 {SA Chamber of Manufactures},
  year = 	 1892,
  address =	 {Adelaide}
}

@Book{hope1900,
  author =	 {{Lady} E. R. Hope},
  title = 	 {General {Sir} {Arthur} {Cotton}, {RE}, {KCSI}},
  publisher = 	 {Hodder \& Stoughton},
  year = 	 1900,
  address =	 {London}
}

@Book{hallack1893,
  author =	 {Hallack, ('A Native'), E. T.},
  title = 	 {Toilers of the Hills},
  publisher = 	 {Adelaide Observer},
  year = 	 1893,
  address =	 {Adelaide},
  note =	 {Reprint, District Council of East Torrens SA, 1987}
}

@Book{howitt1885,
  author =	 {W. Howitt},
  title = 	 {Land, Labour and Gold: or,
                  {Two} years in {Victoria}
                  with visits to {Sydney} and {Van} {Diemen's} {Land}},
  publisher = 	 {Longman, Brown, Green and Longmans},
  year = 	 1855,
  address =	 {London},
  note =	 {Reprint, Lowden Publishing Co., 1972}
}

@Book{irwin1835,
  author =	 {F. C. Irwin},
  title = 	 {The State and Position of {Western} {Australia}:
                  Commonly Called the {Swan}-{River} Settlement},
  publisher = 	 {Simpkin \& Marshall},
  year = 	 1835,
  address =	 {London}
}

@Book{labilliere1878,
  author =	 {Francis Peter Labilliere},
  title = 	 {Early History of the Colony of {Victoria}},
  publisher = 	 {Sampson Low, Marston, Searle, \& Rivington},
  year = 	 1878,
  volume =	 {II},
  address =	 {London}
}

@Book{lameslee1883,
  author =	 {E. M. la Meslee},
  title = 	 {The New {Australia}},
  publisher = 	 {Heinemann},
  year = 	 1973,
  note =	 {Trans.\ R. Ward}
}

@Book{mckay1962,
  editor =	 {A. McKay},
  title = 	 {Journals of the Land Commmissioners for
                  {Van} {Diemen's} {Land} 1826--28},
  publisher = 	 {Univ.\ of Tas.\ and Tas.\ Hist.\ Assoc.},
  year = 	 1962,
  address =	 {Hobart}
}

@Article{mckay1907,
  author = 	 {R. T. McKay},
  title = 	 {The Utilization of the {Murrumbidgee} Waters},
  journal = 	 {Agr.\ Gaz.\ NSW},
  year = 	 1907,
  volume =	 118,
  pages =	 {103--116}
}

@InCollection{mead1914,
  author = 	 {E. Mead},
  title = 	 {Irrigation in {Victoria}},
  booktitle = 	 {Handbook to {Victoria}},
  pages =	 {255--268},
  publisher =	 {Brit.\ Assoc.\ Adv.\ Sci.},
  year =	 1914,
  address =	 {Melbourne}
}

@Book{mitchell1839,
  author =	 {T. L. Mitchell},
  title = 	 {Three Expeditions into the Interior of Eastern {Australia}:
                  with Descriptions of the Recently Explored
                  Region of {Australia} {Felix},
                  and of the Present Colony of {New} {South} {Wales}},
  publisher = 	 {T. \& W. Boone},
  year = 	 1839,
  address =	 {London},
  note =         {Reprint, Australiana Facsimilie Editions No.\,18, 1965}
}

@Book{mitchell1848,
  author =	 {T. L. Mitchell},
  title = 	 {Journal of and Expedition into Tropical {Australia},
                  in Search of a Route from {Sydney} to
                  the {Gulf} of {Carpentaria}},
  publisher = 	 {Longman, Brown, Green and Longmans},
  year = 	 1848,
  address =	 {London},
  note =         {Reprint, Greenwood Press 1969}
}

@Book{morphett1836,
  author =	 {J. Morphett},
  title = 	 {South {Australia}},
  publisher = 	 {J. Gliddon},
  year = 	 1837,
  address =	 {London},
  note =	 {Reprint, 1962; Libraries Board of South Australia}
}

@Book{mundy1852,
  author =	 {G. Mundy},
  title = 	 {Our {Antipodes}},
  publisher = 	 {Richard Bentley},
  year = 	 1852,
  address =	 {London},
  edition =	 {2nd},
  note =         {Reprint, 1971; Review Publications}
}

@Book{murray1892,
  author =	 {S. Murray},
  title = 	 {Irrigation in {Victoria}: its Position and Prospects:
                  a Report for the {Honourable} {Geo.} {Graham},
                  {M.P.}, {Minister} of {Water} {Supply}},  
  publisher = 	 {Govt Printer},
  year = 	 1892,
  address =	 {Melbourne}
}

@Book{oldham1913,
  author =	 {H. Oldham},
  title = 	 {Irrigation and Water Conservation in {Western} {Australia}},
  publisher = 	 {Perth Govt Printer},
  year = 	 1913
}

@Book{ogle1839,
  author =	 {N. Ogle},
  title = 	 {The Colony of {Western} {Australia}},
  publisher = 	 {Fraser},
  year = 	 1839,
  address =	 {London}
}

@Book{smyth1869,
  author =	 {R. B. Smyth},
  title = 	 {The Goldfields and Mineral Districts of {Victoria}},
  publisher = 	 {Govt Printer},
  year = 	 1869,
  address =	 {Melbourne},
  note =         {Reprint, Queensberry Hill Press 1979}
}

@Book{sowden1882,
  author =	 {W. J. Sowden},
  title = 	 {The {Northern} {Territory} as it is: a Narrative of the 
                  {South} {Australian} {Parliamentary} Party's Trip, and
                  Full Descriptions of the {Northern} {Territory},
                  its Settlements and Industries},
  publisher = 	 {W. K. Thomas \& Co.},
  year = 	 1882,
  address =	 {Adelaide},
  note =         {Reprint, Govt Printer, Darwin 1984}
}

@Book{strzelecki1845,
  author =	 {P. E. de Strzelecki},
  title = 	 {Physical Description of {New} {South} {Wales}
                  and {Van} {Diemen's} {Land}: Accompanied by a Geological
                  Map, Sections and Diagrams,
                  and Figures of the Organic Remains},
  publisher = 	 {Longman, Brown, Green, and Longmans},
  year = 	 1845,
  address =	 {London},
  note =         {Reprint, Libraries Board of South Australia 1967}
}

@Book{sturt1833,
  author =	 {C. Sturt},
  title = 	 {Two Expeditions into the Interior of {Southern} {Australia},
                  During the Years 1828, 1829, 1830 and 1831: With
                  Observations on the Soil, Climate and General Resources
                  of the Colony of {New} {South} {Wales}},
  publisher = 	 {Smith, Elser \& Co.},
  year = 	 1833,
  address =	 {London}
}

@Book{thomas1865,
  author =	 {R. G. Thomas and C. T. Hargrave and J. Macgeorge},
  title = 	 {Prize Essays on the Drainage and Sewerage of the
                  {City} of {Adelaide}},
  publisher = 	 {David Gall},
  year = 	 1865,
  address =	 {Adelaide}
}

@Book{tucker1894,
  author =	 {H. F. Tucker},
  title = 	 {The {New} {Arcadia}},
  publisher = 	 {G. Robertson},
  year = 	 1894,
  address =	 {London}
}

@Book{twopenny1883,
  author =	 {R. E. N. Twopenny},
  title = 	 {Town Life in {Australia}},
  publisher = 	 {E. Stock},
  year = 	 1883,
  address =	 {London},
  note =         {Reprint, Sydney University Press 1973}
}

@Book{vincent1889,
  author =	 {J. E. M. Vincent},
  title = 	 {The {Australian} Irrigation Colonies
                  on the {River} {Murray}
                  in {Victoria} and {South} {Australia}},
  publisher = 	 {Smith \& Elder},
  year = 	 1889,
  address =	 {London}
}

@Book{ward1862,
  author =	 {E. Ward},
  title = 	 {The Vineyards and Orchards of {South} {Australia}},
  publisher = 	 {The Advertiser},
  year = 	 1862,
  address =	 {Adelaide}
}

%%%%%%%%%%%%%%%%%%%%%%%%%%%%%%%%%%%%%%%%%%%%%%%%%%%%%%%%%%%%%%%%%%%%%%%%%%%%%%
% -- Published after 1920:

@Book{aird1961,
  author =	 {W. V. Aird},
  title = 	 {The Water Supply, Sewerage and Drainage of {Sydney}},
  publisher = 	 {Metro\-politan Water Sewerage \& Drainage Board},
  year = 	 1961,
  address =	 {Sydney}
}

@Book{alexander1928,
  author =	 {J. A. Alexander},
  title = 	 {The Life of {George} {Chaffey}: A Story of
                  Irrigation Beginnings in {California} and {Australia}},
  publisher = 	 {Macmillan},
  year = 	 1928,
  address =	 {Melbourne}
}

@Book{anderson1988,
  author =	 {R. J. Anderson},
  title = 	 {Solid Town: {The} History of {Port} {Augusta}},
  publisher = 	 {Anderson},
  year = 	 1988,
  address =	 {Port Augusta}
}

@Book{andison1953,
  author =	 {L. M. Andison},
  title = 	 {Berri, Hub of the Upper Murray},
  publisher = 	 {Country Womens' Association},
  year = 	 1953,
  address =	 {Berri, SA}
}

@Book{aas1964,
  author =	 {{Australian Academy of Science}},
  title = 	 {Water Resources; Use and Management},
  publisher = 	 {Australian Academy of Science},
  year = 	 1964,
  address =	 {Melbourne}
}

@Book{badger1971,
  author =	 {C. R. Badger},
  title = 	 {The Reverend {Charles} {Strong} and the {Australian} Church},
  publisher = 	 {Abacada Press},
  year = 	 1971,
  address =	 {Melbourne}
}

@Book{barker1991,
  editor =	 {S. Barker},
  title = 	 {Explore the {Barossa}},
  publisher = 	 {State Publishing, SA},
  year = 	 1991
}

@Book{barr1992,
  author =	 {N. Barr and J. Carey},
  title = 	 {Greening a Brown Land},
  publisher = 	 {Macmillan},
  year = 	 1992,
  address =	 {Melbourne}
}

@Book{benwell1960,
  author =	 {W. S. Benwell},
  title = 	 {Journey to Wine in {Victoria}},
  publisher = 	 {Pitman},
  year = 	 1960,
  address =      {Melbourne},
  note =         {Reprint, Pitman, 1976, 1978}
}

@Book{billis1930,
  author =	 {R. V. Billiss and A. S. Kenyon},
  title = 	 {Pastures New: 
                  An Account of the Pastoral Occupation of {Port} {Phillip}},
  publisher = 	 {Macmillan},
  year = 	 {1930},
  address =	 {Melbourne},
  note =         {Reprint, Stockland Press, Melbourne, 1974}
}

@Book{bishop1977,
  author =	 {G. C. Bishop},
  title = 	 {The Vineyards of {Adelaide}},
  publisher = 	 {Linton Pubs},
  year = 	 1977,
  address =	 {Adelaide}
}

@Article{blackburn1985,
  author = 	 {G. Blackburn},
  title = 	 {{Arthur} {Cotton} and Irrigation in {Tasmania} 1839--43},
  journal = 	 {Proc.\ Roy.\ Soc.\ Tas.},
  year = 	 1985,
  volume =	 119,
  pages =	 {1--5}
}

@Book{blainey1963,
  author =	 {G. Blainey},
  title = 	 {The Rush That Never Ended},
  publisher = 	 MUP,
  year = 	 1963
}

@Book{blake1962,
  author =	 {L. J. Blake and K. H. Lovett},
  title = 	 {{Wimmera} {Shire} Centenary},
  publisher = 	 {Shire of Wimmera},
  year = 	 1962,
  address =	 {Horsham}
}

@Article{blake1966,
  author = 	 {L. J. Blake},
  title = 	 {Village Settlements},
  journal = 	 {Vic.\ Hist.\ Mag.},
  year = 	 1966,
  volume =	 37,
  pages =	 189
}

@InCollection{blake1972,
  author = 	 {L. J. Blake},
  title = 	 {John {Dickson} {Derry}},
  booktitle = 	 ADB,
  pages =	 {58--59},
  publisher =	 MUP,
  year =	 1972,
  volume =	 4
}

@Book{blake1973,
  author =	 {L. J. Blake},
  title = 	 {Wimmera},
  publisher = 	 {Cypress Books},
  year = 	 1973,
  address =	 {Melbourne}
}

@Book{blake1976,
  author =	 {L. J. Blake},
  title = 	 {The Land of the {Lowan}},
  publisher = 	 {Nhill and District Hist.\ Soc.},
  year = 	 1976,
  address =	 {Nhill}
}

@Book{bolton1972,
  author =	 {G. C. Bolton},
  title = 	 {A Thousand Miles Away: {A} History of {North} {Queensland}},
  publisher = 	 {Australian National University Press},
  year = 	 1972,
  address =	 {Canberra}
}

@InCollection{bolton1979,
  author = 	 {G. C. Bolton},
  title = 	 {Edward {Houghton} {Angleo}},
  booktitle = 	 ADB,
  pages =	 70,
  publisher =	 MUP,
  year =	 1979,
  volume =	 7
}

@Book{boorman1942,
  author =	 {H. L. Boorman},
  title = 	 {Irrigation and Water Supply Development in {Victoria}},
  publisher = 	 {Govt Printer},
  year = 	 1942,
  address =	 {Melbourne}
}

@Book{bossence1965,
  author =	 {W. H. Bossence},
  title = 	 {Murchison: the J. G. Kenny memorial history},
  publisher = 	 {Haw\-thorn Press},
  year = 	 1965,
  address =	 {Melbourne}
}

@Book{bossence1969,
  author =	 {W. H. Bossence},
  title = 	 {Tatura and the Shire of Rodney},
  publisher = 	 {Hawthorn Press},
  year = 	 1969,
  address =	 {Melbourne}
}

@Book{bowd1982,
  author =	 {D. G. Bowd},
  title = 	 {Macquarie Country: A History of the Hawkesbury},
  publisher = 	 {Library of Australian History},
  year = 	 1962,
  address =	 {Sydney}
}

@Book{broome1984,
  author =	 {R. Broome},
  title = 	 {The Victorians: Arriving},
  publisher = 	 {Fairfax, Syme \& Weldon},
  year = 	 1984,
  address =	 {Melbourne}
}

@Book{brown1941,
  editor =	 {P. L. Brown},
  title = 	 {Clyde {Company} Papers},
  publisher = 	 OUP,
  year = 	 1941,
  volume =	 1
}

@InCollection{brown1967,
  author = 	 {P. L. Brown},
  title = 	 {John, {Thomas}, {Somerville} and {Andrew} {James}
                  {Learmonth}},
  booktitle = 	 ADB,
  publisher =	 MUP,
  year =	 1967,
  volume =	 2
}

@Book{burton1973,
  author =	 {B. Burton},
  title = 	 {Flow Gently Past: The Story of the {Corowa} District},
  publisher = 	 {Corowa Shire Council},
  year = 	 1973,
  address =	 {Corowa}
}

@Book{buxton1967,
  author =	 {G. L. Buxton},
  title = 	 {The {Riverina} 1861--1891},
  publisher = 	 MUP,
  year = 	 1967
}

@Book{cannon1973,
  author =	 {M. Cannon},
  title = 	 {Australia in the {Victorian} Age: {II}: 
                  Life in the Country},
  publisher = 	 {Nelson},
  year = 	 1973,
  address =	 {Melbourne}
}

@Book{cannon1974,
  author =	 {M. Cannon},
  title = 	 {Australia in the {Victorian} Age, {I}:
                  Who's Master? Who's Man?},
  publisher = 	 {Nelson},
  year = 	 1974,
  address =	 {Melbourne}
}

@Book{cannon1975,
  author =	 {M. Cannon},
  title = 	 {Australia in the {Victorian} Age: {III}:
                  Life in the Cities},
  publisher = 	 {Nelson},
  year = 	 1975,
  address =	 {Melbourne}
}

@Book{cannon1972,
  author =	 {M. Cannon},
  title = 	 {The Land Boomers},
  publisher = 	 {Heritage Publications},
  year = 	 {1972},
  address =	 {Melbourne},
  note =         {Reprint, 1986, Lloyd O'Neil Pty.\ Ltd.}
}

@Book{carter1968,
  author =	 {J. Carter},
  title = 	 {Stout Hearts and Leathery Hands},
  publisher = 	 {Rigby},
  year = 	 1968,
  address =	 {Adelaide}
}

@Book{clark1955,
  author =	 {C. M. H. Clark},
  title = 	 {Select Documents in Australian History 1851--1900},
  publisher = 	 A+R,
  year = 	 1955,
  address =	 {Sydney}
}

@Book{coulson1979,
  author =	 {H. Coulson},
  title = 	 {{Echuca}--{Moa\-ma}: {Murray} {River} Neighbours},
  publisher = 	 {McCabe Prints},
  year = 	 1979,
  address =	 {Wangaratta}
}

@Book{coulson1995,
  author =	 {H. Coulson},
  title = 	 {{Echuca}--{Mo\-ama} on the {Murray}},
  publisher = 	 {Hyland House},
  year = 	 1995,
  address =	 {Melbourne}
}

@Book{cumming1986,
  author =	 {D. A. Cumming and G. Moxham},
  title = 	 {They Built {South} {Australia}},
  publisher = 	 {Cumming \& Moxham},
  year = 	 1986,
  address =	 {Adelaide}
}

@InCollection{cunneen1986,
  author = 	 {C. Cunneen},
  title = 	 {Sir {William} {John} {Lyne}},
  booktitle = 	 ADB,
  pages =	 {179--82},
  publisher =	 MUP,
  year =	 1986,
  volume =	 10
}

@Book{davidson1969,
  author =	 {B. R. Davidson},
  title = 	 {Australia Wet or Dry?},
  publisher = 	 MUP,
  year = 	 1969
}

@Book{dunlop1978,
  author =	 {A. J. Dunlop},
  title = 	 {Wide Horizons: the story of Yarrawonga, Tungamah
                  and Cobram shires},
  publisher = 	 {Dunlop},
  year = 	 1978,
  address =	 {Bentleigh, Vic.}
}

@Book{dunstan1984,
  author =	 {D. Dunstan},
  title = 	 {Governing the Metropolis: Politics, Technology
                  and Social Change in a Victorian City:
                  Melbourne 1850--1891},
  publisher = 	 MUP,
  year = 	 1984
}

@Book{dutton1977,
  author =	 {G. Dutton},
  title = 	 {Edward {John} {Eyre}},
  publisher = 	 {Penguin},
  year = 	 1977,
  address =	 {Melbourne}
}

@InCollection{east1940,
  author = 	 {L. R. East},
  title = 	 {Erosion and Water Supply},
  booktitle = 	 {Soil Erosion in {Victoria}: symposium arranged by
                  the Victorian Institute of Surveyors.},
  publisher =	 {Dept. of Lands and Survey},
  year =	 1940,
  address =	 {Melbourne}
}

@Article{eklund1923,
  author = 	 {H. E. A. Eklund},
  title = 	 {Irrigation in {Queensland}},
  journal = 	 {Qld Agr.\ J.},
  year = 	 {1923--24},
  volume =	 {20 \& 21}
}

@Book{ellis1978,
  author =	 {M. H. Ellis},
  title = 	 {John {Macarthur}},
  publisher = 	 A+R,
  year = 	 1978,
  address =	 {Sydney}
}

@Article{evatt1938,
  author = 	 {G. J. Evatt},
  title = 	 {Development of Irrigation
                  with Special Reference to {New} {South} {Wales}},
  journal = 	 {J.\,Publ.\ Admin.},
  year = 	 1938,
  volume =	 1,
  number =	 2,
  pages =	 16
}

@Book{eyre1985,
  author =	 {Edward John Eyre},
  title = 	 {Reports and letters to {Governor} {Grey}
                  from E.J. {Eyre} at {Moorunde}},
  publisher = 	 {Sullivan's Cove},
  year = 	 1985,
  address =	 {Adelaide}
}

@Book{farwell1965,
  author =	 {G. Farwell},
  title = 	 {Ghost Towns of {Australia}},
  publisher = 	 {Rigby Ltd.},
  year = 	 1965,
  address =	 {Adelaide}
}

@Book{faull1981,
  author =	 {J. Faull},
  title = 	 {Alexandrina's Shore},
  publisher = 	 {Milang District Historical Society},
  year = 	 1981,
  address =	 {Milang}
}

@Book{feldtmann1973,
  author =	 {A. Feldtmann},
  title = 	 {{Swan} {Hill}},
  publisher = 	 {Rigby},
  year = 	 1973,
  address =	 {Adelaide}
}

@Book{fitzpatrick1941,
  author =	 {B. Fitzpatrick},
  title = 	 {The {British} {Empire} in {Australia}},
  publisher = 	 MUP,
  year = 	 1941
}

@InCollection{fitzpatrick1968,
  author = 	 {K. Fitzpatrick},
  title = 	 {Sir {John} {Franklin}},
  booktitle = 	 ADB,
  pages =	 {412--15},
  publisher =	 MUP,
  year =	 1968,
  volume =	 1
}

@Book{flett1970,
  author =	 {J. Flett},
  title = 	 {The History of Gold Discovery in {Victoria}},
  publisher = 	 {The Hawthorn Press},
  year = 	 1970,
  address =	 {Melbourne}
}

@InCollection{fornachon1958,
  author = 	 {J. Fornachon},
  title = 	 {The Wine Industry of {South} {Australia}},
  booktitle = 	 {Introducing {South} {Australia}},
  publisher =	 {ANZAAS},
  year =	 1958,
  editor =	 {R. J. Best},
  address =	 {Adelaide}
}

@Book{forster1965,
  author =	 {H. W. Forster},
  title = 	 {Waranga 1865--1965},
  publisher = 	 {F. W. Cheshire},
  year = 	 1965,
  address =	 {Melbourne}
}

@Book{frith1974,
  editor =	 {H. J. Frith and G. Sawer},
  title = 	 {{The} {Murray} Waters},
  publisher = 	 A+R,
  year = 	 1974,
  address =	 {Sydney}
}

@Book{gibbney1987,
  author =	 {H. J. Gibbney and A. G. Smith},
  title = 	 {A Biographical Register 1788--1939},
  publisher = 	 ADB,
  year = 	 1987,
  volume =	 1,
  address =	 {Canberra}
}

@Book{gittins1981,
  author =	 {J. Gittens},
  title = 	 {The Diggers from {China}},
  publisher = 	 {Quartet books},
  year = 	 1981,
  address =	 {Melbourne}
}

@Book{gowlland1980,
  author =	 {R. W. Gowlland},
  title = 	 {Some {Van} {Diemen's} {Land} Affairs},
  publisher = 	 {Derwent Printery},
  year = 	 1981,
  address =	 {New Norfolk}
}

@Book{hallows1996,
  author =	 {P. J. Hallows and D. G. Thompson},
  title = 	 {The History of Irrigation in {Australia}},
  publisher = 	 {Australian National Committee on Irrigation and Drainage},
  year = 	 1996,
  address =	 {Mildura}
}

@Book{hall1931,
  author =	 {H. L. Hall},
  title = 	 {Victoria's Part in the {Australian} Federation Movement},
  publisher = 	 {E. Stock},
  year = 	 1931,
  address =	 {London}
}

@Book{hammerton1986,
  author =	 {M. Hammerton},
  title = 	 {Water {South} {Australia}},
  publisher = 	 {Wakefield Press},
  year = 	 1986,
  address =	 {Adelaide}
}

@Book{harris1923,
  author =	 {D. G. Harris},
  title = 	 {Irrigation in {India}},
  publisher = 	 OUP,
  year = 	 1923
}

@Book{hartwell1954,
  author =	 {R. M. Hartwell},
  title = 	 {The Economic Development of {Van} {Diemen's} {Land}},
  publisher = 	 MUP,
  year = 	 1954
}

@Book{healy1990,
  author =	 {M. Healy},
  title = 	 {Railways and Pastures: The {Australian} {O'Keefes}},
  publisher = 	 {Spectrum Pubs},
  year = 	 1988,
  address =	 {Melbourne}
}

@Book{hill1937,
  author =	 {E. Hill},
  title = 	 {Water into Gold},
  publisher = 	 {Robertson \& Mullins},
  year = 	 1937,
  edition =      {3rd},
  address =	 {Melbourne},
  note =	 {Reprint, Angus \& Robertson 1965}
}

@Book{hirst1973,
  author =	 {J. B. Hirst},
  title = 	 {Adelaide and the Country 1870--1917},
  publisher = 	 MUP,
  year = 	 1973
}

@InCollection{hone1967,
  author = 	 {J. A. Hone},
  title = 	 {C. {M.} and {S.} {H.} {Officer}},
  booktitle = 	 ADB,
  pages =	 357,
  publisher =	 MUP,
  year =	 1967,
  volume =	 5
}

@InCollection{honniball1967,
  author = 	 {J. H. M. Honniball},
  title = 	 {W. {H.} {Mackie}},
  booktitle = 	 ADB,
  pages =	 {174--75},
  publisher =	 MUP,
  year =	 1967,
  volume =	 2
}

@Book{horsham1991,
  author =	 {Horsham District Historical Society},
  title = 	 {Memories of {Quantong}},
  publisher = 	 {Horsham \& District Historical Society},
  year = 	 1991,
  address =	 {Horsham}
}

@InCollection{ingham1974a,
  author = 	 {S. M. Ingham},
  title = 	 {Sir {John} {O'Shanassy}},
  booktitle = 	 ADB,
  pages =	 {378--82},
  publisher =	 MUP,
  year =	 1974,
  volume =	 5
}

@InCollection{ingham1974b,
  author = 	 {S. M. Ingham},
  title = 	 {James {Mirams}},
  booktitle = 	 ADB,
  pages =	 {258--59},
  publisher =	 MUP,
  year =	 1974,
  volume =	 5
}

@Book{james1985,
  editor =	 {K. N. James},
  title = 	 {Werribee},
  publisher = 	 {Werribee District Historical Society},
  year = 	 1985,
  address =      {Werribee, Victoria}
}

@Book{jeffcoat1988,
  author =	 {K. Jeffcoat},
  title = 	 {More Precious than Gold},
  publisher = 	 {Dept.\ Water Resources, NSW},
  year = 	 1988,
  address =	 {Parramatta}
}

@InCollection{johnson1991,
  author = 	 {K. Johnson and M. Flynn},
  title = 	 {Convicts of the {\textit{Queen}}},
  booktitle = 	 {Exiles from {Erin}},
  pages =	 22,
  publisher =	 {Macmillan},
  address =      {Basingstoke},
  year =	 1991,
  editor =	 {R. Reece}
}

@Book{jones1994,
  author =	 {A. Jones},
  title = 	 {Lyrup Village: A Century of Association 1894--1994},
  publisher = 	 {Lyrup Village Centenary Committee},
  year = 	 1994
}

@Book{kaluski1985,
  author =	 {M. Kaluski},
  title = 	 {Sir {Paul} E. {Strzelecki}, a Polish count's
                  explorations in 19th century Australia},
  publisher = 	 {Ae Press},
  year = 	 1985,
  address =	 {Melbourne}
}

@Book{keating1992,
  author =	 {J. Keating},
  title = 	 {The Drought Walked Through},
  publisher = 	 {Dept.\ Water Resources Victoria},
  year = 	 1992
}

@Book{kelly1988,
  author =	 {B. M. Kelly},
  title = 	 {From Wilderness to {Eden}},
  publisher = 	 {City of Griffith Council},
  year = 	 1988,
  address =	 {Griffith}
}

@Book{kerridge1973,
  author =	 {E. Kerridge},
  title = 	 {The Farmers of {Old} {England}},
  publisher = 	 A+U,
  year = 	 1973,
  address =	 {London}
}

@Book{lanauze1979,
  author =	 {La Nauze, J. A.},
  title = 	 {{Alfred} {Deakin}: A Biography},
  publisher = 	 A+R,
  year = 	 1979,
  address =	 {Sydney}
}

@Book{langfordsmith1966,
  author =	 {T. Langford-Smith and J. Rutherford},
  title = 	 {Water and Land: Two Case Studies in Irrigation},
  publisher = 	 ANUP,
  year = 	 1966
}

@Book{lewis1985,
  author =	 {H. J. Lewis},
  title = 	 {Enfield and the Northern Villages},
  publisher = 	 {Corp.\ of the City of Enfield},
  year = 	 1985,
  address =	 {Adelaide}
}

@Book{linge1979,
  author =	 {G. J. R. Linge},
  title = 	 {Industrial Awakening},
  publisher = 	 {Australian National University Press},
  year = 	 1979,
  address =	 {Canberra}
}

@Book{litchfield1983,
  author =	 {L. Litchfield},
  title = 	 {Marree and the Tracks Beyond in Black and White},
  publisher = 	 {Litchfield},
  year = 	 1983,
  address =	 {Marree}
}

@Book{lloyd1988,
  author =	 {C. J. Lloyd},
  title = 	 {Either Drought or Plenty},
  publisher = 	 {Dept.\ Water Resources, NSW},
  year = 	 1988,
  address =	 {Sydney}
}

@InCollection{lloyd1990,
  author = 	 {C. J. Lloyd},
  title = 	 {Leslie {Augustus} {Burton} {Wade}},
  booktitle = 	 ADB,
  pages =	 {342--43},
  publisher =	 MUP,
  year =	 1990,
  volume =	 12
}

@InCollection{logan1979,
  author = 	 {G. N. Logan},
  title = 	 {William {Alexander} {Jenyns} {Boyd}},
  booktitle = 	 ADB,
  pages =	 {374--75},
  publisher =	 MUP,
  year =	 1979,
  volume =	 7
}

@Book{mack1994,
  author =	 {D. Mack},
  title = 	 {The Village Settlements on the {River} {Murray} 
                  in {South} {Australia} 1894--1909},
  publisher = 	 {David Mack},
  year = 	 1994,
  address =	 {Adelaide}
}

@Book{mccaughey1955,
  author =	 {P. McCaughey},
  title = 	 {Samuel {McCaughey}: A Biliography},
  publisher = 	 {Ure Smith},
  year = 	 1955,
  address =	 {Sydney}
}

@Book{mccoy1988,
  author =	 {C. G. McCoy},
  title = 	 {The Supply of Water for Irrigation in {Victoria}
                  from 1881 to 1981},
  publisher = 	 {Rural Water Commission Vic.},
  year = 	 1988,
  address =	 {Melbourne}
}

@Book{mcintyre1948,
  author =	 {A. J. McIntyre},
  title = 	 {Sunraysia},
  publisher = 	 MUP,
  year = 	 1948
}

@Book{jacobs1990,
  editor =	 {N. Mackay and D. Eastburn},
  title = 	 {The Murray},
  publisher = 	 {Murray--Darling Basin Commission},
  year = 	 1990,
  address =	 {Canberra}
}

@Book{mcnab1944,
  author =	 {R. F. McNab},
  title = 	 {The Early Settlement and Water Supply
                  of the {Wimmera} and {Mallee}},
  publisher = 	 {SRWSC},
  year = 	 1944,
  address =	 {Melbourne}
}

@Book{mcwilliam1978,
  author =	 {G. McWilliam},
  title = 	 {Hawthorn Peppercorns},
  publisher = 	 {Brian Atkins},
  year = 	 1978,
  address =	 {Melbourne}
}

@Book{madigan1936,
  author =	 {C. T. Madigan},
  title = 	 {Central {Australia}},
  publisher = 	 OUP,
  year = 	 1936,
  address =      {London}
}

@Book{martin1955,
  author =	 {C. S. Martin},
  title = 	 {Irrigation and Closer Settlement in the {Shepparton} 
                  District 1836--1906},
  publisher = 	 MUP,
  year = 	 1955
}

@Book{masoncox1994,
  author =	 {M. Mason-Cox},
  title = 	 {Lifeblood of a Colony:
                  A History of Irrigation in {Tasmania}},
  publisher = 	 {Rivers and Water Supply Commission},
  year = 	 1994,
  address =	 {Hobart}
}

@Book{massola1970,
  author =	 {A. Massola},
  title = 	 {Aboriginal Mission Stations in {Victoria}},
  publisher = 	 {Hawthorn Press},
  year = 	 1970,
  address =	 {Melbourne}
}

@Book{metcalf1995,
  editor =	 {W. Metcalf},
  title = 	 {From Utopian Dreaming to Communal Reality:
                  cooperative lifestyles in Australia},
  publisher = 	 UNSWP,
  year = 	 1995,
  address =	 {Sydney}
}

@Book{mingay1989,
  editor =	 {G. E. Mingay},
  title = 	 {The Agrarian History of {England} and {Wales}},
  publisher = 	 CUP,
  year = 	 1989,
  volume =	 {VI}
}

@Book{morgan1992,
  author =	 {S. Morgan},
  title = 	 {Land Settlement in Early {Tasmania}},
  publisher = 	 CUP,
  year = 	 1992
}

@InCollection{mossenson1967,
  author = 	 {D. Mossenson},
  title = 	 {{F}. {C}. {Irwin}},
  booktitle = 	 ADB,
  pages =	 {5--6},
  publisher =	 MUP,
  year =	 1967,
  volume =	 2
}

@Book{mudie1965,
  author =	 {I. Mudie},
  title = 	 {Riverboats},
  publisher = 	 {Sun Books},
  year = 	 1965,
  address =	 {Melbourne}
}

@Book{munro1974,
  author =	 {C. H. Munro},
  title = 	 {Australian Water Resources and their Development},
  publisher = 	 A+R,
  year = 	 1974,
  address =	 {Sydney}
}

@Book{oneill1988,
  author =	 {B. O'Neill},
  title = 	 {The {German} Experience of {Australia}},
  publisher = 	 {Harmstorf},
  year = 	 1988,
  address =	 {Bedford Park, Adelaide}
}

@InCollection{oneill1974,
  author = 	 {S. O'Neill},
  title = 	 {David {Murray}},
  booktitle = 	 ADB,
  pages =	 {319--20},
  publisher =	 MUP,
  year =	 1974,
  volume =	 5
}

@Book{oreilly1984,
  author =	 {M. J. O'Reilly},
  title = 	 {Bowyangs and Boomerangs: reminscences of 40
                  years' prospecting in Australia and Tasmania},
  publisher = 	 {Oldham, Beddome \& Meredith},
  year = 	 1944,
  address =	 {Hobart},
  note =         {Reprint, Hesperian Press WA, 1984}
}

@Book{pacey1990,
  author =	 {A. Pacey},
  title = 	 {Technology in World Civilization: a Thousand Year History},
  publisher = 	 {Blackwell},
  year = 	 1990,
  address =	 {Oxford}
}

@Book{painter1979,
  author =	 {G. Painter},
  title = 	 {The River Trade: {Wool} and Steamers},
  publisher = 	 {Turton \& Armstrong},
  year = 	 1979,
  address =	 {Swan Hill}
}

@Book{parker1982,
  author =	 {K. L. Parker},
  title = 	 {My Bush Book: K. Langloh Parker's 1890s story of
                  outback station life},
  publisher = 	 {Rigby},
  year = 	 1982,
  address =	 {Adelaide}
}

@Book{paszkowski1997,
  author =	 {L. Paszkowski},
  title = 	 {Sir {Paul} {Edmund} de {Strzelecki}},
  publisher = 	 {Arcadia, Australian Scholarly Publishing},
  year = 	 1997,
  address =	 {Melbourne}
}

@Book{patterson1971,
  author =	 {T. Patterson},
  title = 	 {A Colony for {California}: Riverside's first
                  hundred years},
  publisher = 	 {Press-Enterprise Co.},
  year = 	 1971,
  address =	 {Riverside, California},
  note =         {Reprint, The Museum Press of the
                  Riverside Museum Associates, 1996}
}

@Book{pearce1976,
  author =	 {H. R. Pearce},
  title = 	 {The Hop Industry in {Australia}},
  publisher = 	 MUP,
  year = 	 1976
}

@Book{peel1974,
  author =	 {L. J. Peel},
  title = 	 {Rural Industry in the {Port} {Phillip} Region 1835--1880},
  publisher = 	 MUP,
  year = 	 1974
}

@Book{powell1973,
  editor =	 {J. M. Powell},
  title = 	 {Yeomen and Bureaucrats:
                  The {Victorian} {Crown} {Lands} Commission 1878--79},
  publisher = 	 OUP,
  year = 	 1973
}

@Book{powell1974,
  editor =	 {J. M. Powell},
  title = 	 {The Making of Rural Australia, environment,
                  society, and economy: geographical readings},
  publisher = 	 {Sorrett Publishing},
  year = 	 1974,
  address =	 {Melbourne}
}

@Book{powell1989,
  author =	 {J. M. Powell},
  title = 	 {Watering the Garden State: 
                  Water, Land and Community in {Victoria}},
  publisher = 	 A+U,
  year = 	 1989,
  address =	 {Sydney}
}

@Book{priess1991,
  author =	 {K. Priess and P. Oborn},
  title = 	 {The {Torrens} {Park} Estate},
  publisher = 	 {Priess \& Oborn},
  year = 	 1991,
  address =	 {Adelaide}
}

@Book{priestley1965,
  author =	 {S. Priestley},
  title = 	 {Echuca: A Centenary History},
  publisher = 	 {Jacaranda},
  year = 	 1965,
  address =	 {Brisbane}
}

@Book{priestley1984,
  author =	 {S. Priestley},
  title = 	 {The {Victorians}: Making Their Mark},
  publisher = 	 {Fairfax, Syme \& Weldon},
  year = 	 1984,
  address =	 {McMahons Pt}
}

@InCollection{quaife1976,
  author = 	 {G. R. Quaife},
  title = 	 {James {Forester} {Sullivan}},
  booktitle = 	 ADB,
  pages =	 {218--19},
  publisher =	 MUP,
  year =	 1976,
  volume =	 6
}

@Book{roberts1924,
  author =	 {S. H. Roberts},
  title = 	 {History of {Australian} Land Settlement 1788--1920},
  publisher = 	 MUP,
  year = 	 1924,
  address =	 {Melbourne}
}

@Book{roberts1935,
  author =	 {S. H. Roberts},
  title = 	 {The Squatting Age in {Australia} 1835--1847},
  publisher = 	 MUP,
  year = 	 {1935},
  note =         {Reprint, 1970}
}

@Book{robertson1973,
  author =	 {K. Robertson},
  title = 	 {Myrtleford, Gateway to the Alps},
  publisher = 	 {Rigby},
  year = 	 1973,
  address =	 {Adelaide}
}

@InCollection{robson1967,
  author = 	 {L. L. Robson},
  title = 	 {Michael {Fenton}},
  booktitle = 	 ADB,
  pages =	 371,
  publisher =	 MUP,
  year =	 1968,
  volume =	 1
}

@Book{roe1984,
  author =	 {M. Roe},
  title = 	 {Nine {Australian} progressives: vitalism in
                  bourgeois social thought, 1890--1960},
  publisher = 	 UQP,
  year = 	 1984
}

@Book{rolls1981,
  author =	 {E. Rolls},
  title = 	 {A Million Wild Acres},
  publisher = 	 {Nelson},
  year = 	 1981,
  address =	 {Melbourne}
}

@Book{ronald1978,
  author =	 {H. B. Ronald},
  title = 	 {Wool Past the Winning Post:
                  A History of the {Chirnside} Family},
  publisher = 	 {Landvale Enterprises},
  year = 	 1978,
  address =	 {Melbourne}
}

@Book{ryan1995,
  author =	 {J. Ryan},
  title = 	 {Ancestors: {Chinese} in Colonial {Australia}},
  publisher = 	 {Freemantle Arts Centre Press},
  year = 	 1995
}

@Article{scarborough1975,
  author = 	 {D. H. Scarborough and I. M. Brand},
  title = 	 {{Long} {Marsh} {Dam}
                  \ldots an {Early} {Irrigation} {Project}},
  journal = 	 {Tas.\ J.\,Agric.},
  volume =       46,
  year = 	 1975,
  pages =	 {227--230}
}

@Book{scholes1989,
  author =	 {L. Scholes},
  title = 	 {A History of the Shire of {Swan} {Hill}},
  publisher = 	 {Shire of Swan Hill},
  year = 	 1989
}

@Book{schubert1985,
  author =	 {D. Schubert},
  title = 	 {Kavel's People},
  publisher = 	 {Lutheran Publishing House},
  year = 	 1985,
  address =	 {Adelaide},
  note =         {Reprint, Schubert, Highgate SA, 1997}
}

@Book{sharland1971,
  author =	 {M. Sharland},
  title = 	 {The Verdant Plains: a history of the shire of East Loddon},
  publisher = 	 {Hawthorn Press},
  year = 	 1971,
  address =	 {Melbourne}
}

@InCollection{shaw1967,
  author = 	 {A. G. L. Shaw},
  title = 	 {Sir {George} {Arthur}},
  booktitle = 	 ADB,
  pages =	 {32--38},
  publisher =	 MUP,
  year =	 1968,
  volume =	 1
}

@InCollection{sissons1990,
  author = 	 {D. C. S. Sissons},
  title = 	 {J{\={o}} {Takasuka}},
  booktitle = 	 ADB,
  pages =	 {163--64},
  publisher =	 MUP,
  year =	 1990,
  volume =	 12
}

@Book{smith1950,
  author =	 {W. B. Smith},
  title = 	 {Centenary History of {Bleasdale}},
  publisher = 	 {\textbf},
  year = 	 1950,
  address =	 {Langhornes Creek, SA}
}

@InCollection{stancombe1968,
  author = 	 {G. H. Stancombe},
  title = 	 {{A}. {W}. {H}. {Humphrey}},
  booktitle = 	 ADB,
  pages =	 {565--66},
  publisher =	 MUP,
  year =	 1968,
  volume =	 1
}

@Book{stern1979,
  author =	 {P. Stern},
  title = 	 {Small-Scale Irrigation: a Manual of Low-Cost
                  Water Technology},
  publisher = 	 {Intermediate Technology Publications},
  year = 	 1979,
  address =      {London},
  annote =	 {Cited in Pacey~(1990).}
}

@InCollection{steven1990,
  author = 	 {M. Steven},
  title = 	 {John {West}},
  booktitle = 	 ADB,
  pages =	 {445--46},
  publisher =	 MUP,
  year =	 1990,
  volume =	 12
}

@InCollection{stimson1983,
  author = 	 {A. J. Stimson},
  title = 	 {Albert {Henry} {Landseer}},
  booktitle = 	 ADB,
  pages =	 {655--56},
  publisher =	 MUP,
  year =	 1983,
  volume =	 9
}

@Book{stowe1973,
  author =	 {H. J. Stowe},
  title = 	 {They Built {Strathalbyn}},
  publisher = 	 {Lynton Pubs},
  year = 	 1973,
  address =	 {Coromandel Valley, SA}
}

@Book{svensen1989,
  author =	 {S. Sven\-sen},
  title = 	 {The shearers' war: the story of the 1891
                  shearers' strike},
  publisher = 	 UQP,
  year = 	 1989
}

@book{tolcher1986,
  author =	 {H. M. Tol\-cher},
  title = 	 {Drought or Deluge: Man in the {Coopers} {Creek} Region},
  publisher = 	 MUP,
  year = 	 1986
}

@Book{thomson1972,
  author =	 {K. Thomson and G. Serle},
  title = 	 {Biographical Register of {Victorian} Legislature 1851--1900},
  publisher = 	 ANUP,
  year = 	 1972,
  address =	 {Canberra}
}

@Book{trengrove1969,
  author =	 {A. Trengrove},
  title = 	 {John {Grey} {Gorton}: an informal biography},
  publisher = 	 {Cassell},
  year = 	 1969,
  address =	 {Melbourne}
}

@Article{trevaks1937,
  author = 	 {J. Trevaks},
  title = 	 {A Successful Experiment in Settling of {Jews}
                  on the Land in {Australia}},
  journal = 	 {Australian Jewish Almanac},
  year = 	 1937,
  note =	 {(Yiddish)}
}

@Book{wadham1957,
  author =	 {S. Wadham and R. K. Wilson and J. Wood},
  title = 	 {Land Utilization in Australia},
  publisher = 	 MUP,
  year = 	 1957,
  edition =      {3rd}
}

@Book{walsh1967,
  editor =	 {D. Walsh},
  title = 	 {The Admiral's Wife: {Mrs} {Phillip} {Parker} {King}:
                  {A} Selection of Letters 1817--56},
  publisher = 	 {Hawthorn Press},
  year = 	 1967,
  address =	 {Melbourne}
}

@Book{warburton1981,
  author =	 {E. Warburton},
  title = 	 {The Paddocks Beneath:
                  A History of {Burnside} from its Beginning},
  publisher = 	 {The Corporation of the City of Burnside},
  year = 	 1981,
  address =	 {Adelaide}
}

@Book{warburton1977,
  author =	 {J. W. Warburton},
  title = 	 {Five Metropolitan Creeks of the {River} {Torrens},
                  {South} {Australia}},
  publisher = 	 {University of Adelaide},
  year = 	 1977,
  address =	 {Adelaide}
}

@Book{wells1986,
  author =	 {S. Wells},
  title = 	 {Paddle Steamers to Cornucopia:
                  The {Ren\-mark}--{Mildura} Experiment of 1887},
  publisher = 	 {Sydney Wells},
  year = 	 1986,
  address =	 {Renmark}
}

@Book{white1976,
  author =	 {N. White},
  title = 	 {Man and Water: A History of Hydro-Technology},
  publisher = 	 {P. Davies},
  year = 	 1976,
  address =	 {London}
}

@Book{williams1974,
  author =	 {M. Williams},
  title = 	 {The making of the South Australian landscape; a
                  study in the historical geography of Australia.},
  publisher = 	 {Academic Press},
  year = 	 1974,
  address =	 {London}
}

@Book{williams1936,
  author =	 {W. Will\-iams},
  title = 	 {A History of {Bacchus} {Marsh} and its Pioneers 1836--1936},
  publisher = 	 {Bacchus Marsh Express},
  year = 	 1936,
  address =	 {Bacchus Marsh}
}

@InCollection{williamson1968,
  author = 	 {W. H. William\-son},
  title = 	 {Water --- From {Tank} {Stream} to {Snowy} {Scheme}},
  booktitle = 	 {A Century of Scientific Progress, the centenary
                  volume of the Royal Society of New South Wales: a history of
                  several aspects of Australian scientific development, with
                  particular reference to New South Wales.},
  publisher =	 {Roy.\ Soc.\ NSW},
  year =	 1968,
  chapter =	 2,
  address =	 {Sydney}
}

@Article{winther1953,
  author = 	 {O. O. Winther},
  title = 	 {The Colony System of Southern {California}},
  journal = 	 {Agric.\ Hist.},
  year = 	 1953,
  volume =	 27,
  pages =	 {94--102}
}

@Book{woods1985,
  author =	 {C. Woods},
  title = 	 {Beechworth: A Titan's Field},
  publisher = 	 {Hargreen},
  year = 	 1985,
  address =	 {North Melbourne}
}

@Book{woolmer1973,
  author =	 {G. Woolmer},
  title = 	 {The {Barmera} Story},
  publisher = 	 {Bamera Golden Jubilee Commitee},
  year = 	 1973,
  address =	 {Barmera}
}
