@string{A+R = "Angus \& Robertson"}
@string{A+W = "Allen \& Unwin"}
@string{CUP = "Cambridge University Press"}
@string{G+G = "Gordon \& Gotch"}
@string{MUP = "Melbourne University Press"}
@string{OUP = "Oxford University Press"}
@string{BAAS = "British Asscociation for the Advancement of Science"}

%%%%%%%%%%%%%%%%%%%%%%%%%%%%%%%%%%%%%%%%%%%%%%%%%%%%%%%%%%%%%%%%%%%%%%%%%%%%%%
% -- Published prior to 1920:

@InCollection{acheson1860,
  author = 	 {F. Acheson},
  title = 	 {Collection and Storage of Water in {Victoria}},
  booktitle = 	 {Victorian Government Prize Essays 1860},
  pages =	 {1--50},
  publisher =	 {Royal Soc.\ Vic.},
  year =	 1861,
  address =	 {Melbourne}
}

@Book{aasian1885,
  author =	 {Australasian},
  title = 	 {The {Australasian} {Farmer}: a practical handbook
                  for the farm and station},
  publisher = 	 {George Robertson for Wilson and Mackinnon},
  year = 	 1885,
  address =	 {Melbourne}
}

@Book{backhouse1843,
  author =	 {J. Backhouse},
  title = 	 {A Narrative of a Visit to the {Australian}
                  Colonies by James Backhouse},
  publisher = 	 {Hamilton Adams},
  year = 	 1843,
  address =	 {London}
}

@Book{bartley1892,
  author =	 {N. Bartley},
  title = 	 {Opals and Agates; or, Scenes under the Southern Cross
                  and the Magelhans: being the memories of
                  fifty years of {Australia} and {Polynesia}},
  publisher = 	 G+G,
  year = 	 1892,
  address =	 {Brisbane}
}

@Book{booth1869,
  author =	 {E. C. Booth},
  title = 	 {Another {England}: Life, Living, Homes and Home-Makers
                  in {Victoria}},
  publisher = 	 {Virtue \& Co.},
  year = 	 1869,
  address =	 {London}
}

@Book{booth1873,
  author =	 {E. C. Booth},
  title = 	 {Australia in the 1870s},
  publisher = 	 {Virtue \& Co.},
  year = 	 1873,
  address =	 {London}
}

@Book{boyd1882,
  author =	 {A. J. Boyd},
  title = 	 {Old Colonials},
  publisher = 	 G+G,
  year = 	 1892,
  address =	 {London}
}

@Book{baas1914,
  author =	 {{British Association for the Advancement of Science}},
  title = 	 {Handbook for {New} {South} {Wales}},
  publisher = 	 {Edward Lee \& Co.},
  year = 	 1914,
  address =	 {Sydney}
}

@Article{burn1840,
  author = 	 {D. Burn},
  title = 	 {A Picture of {Van} {Diemen's} {Land}},
  journal = 	 {The Colonial Magazine},
  year = 	 1840,
  pages =        141
}

@Book{coghlan1918,
  author =	 {T. A. Coghlan},
  title = 	 {Labour and Industry in {Australia}},
  publisher = 	 OUP,
  year = 	 1918
}

@Book{cornish1880,
  author =	 {H. Cornish},
  title = 	 {Under the {Southern} {Cross}},
  publisher = 	 {Higginbotham \& Co.},
  year = 	 1880,
  address =	 {London},
  note =         {Reprint, Penguin Books, 1975}
}

@Article{cotton1842,
  author = 	 {A. T. Cotton},
  title = 	 {On Irrigation in {Tasmania}},
  journal = 	 {Tas.\ J.\,Nat.\ Sci.},
  year = 	 1842,
  volume =	 1,
  pages =        {81--93, 161--187}
}

@Article{cotton1849,
  author = 	 {Cotton, ('Delta'), A. T.},
  title = 	 {The Uses of Water, and Means of Securing a Supply
                  of it in This Colony},
  journal = 	 {Australia Felix Monthly Magazine},
  year = 	 1849,
  volume =	 1,
  pages =        34
}

@Book{cunningham1841,
  author =	 {P. Cunningham},
  title = 	 {Hints for {Australian} Migrants},
  publisher = 	 {T. \& W. Boone},
  year = 	 1841,
  address =	 {London}
}

@InCollection{deakin1892,
  author = 	 {A. Deakin},
  title = 	 {Irrigation in {Australia}},
  booktitle = 	 {Yearbook of Australia},
  year =	 1892,
  address =	 {Sydney}
}

@Book{denison1870,
  author =	 {W. Denison},
  title = 	 {Varieties of {Vice-Regal} Life},
  publisher = 	 {Longmans, Green \& Co.},
  year = 	 1870,
  address =	 {London}
}

@Book{dutton1892,
  author =	 {F. S. Dutton},
  title = 	 {{South} {Australia} and its Mines,
                 with an Historical Sketch of the Colony},
  publisher = 	 {T. \& W. Boone},
  year = 	 1892,
  address =	 {London},
  note =         {Reprint, Austaprint 1978}
}

@Misc{gordon1878,
  author =	 {G. Gordon},
  title =	 {Lecture on Irrigation and Drainage},
  howpublished = {George Gordon papers, LaTL},
  year =	 1878
}

@Book{hawker1901,
  author =	 {James Collins Hawker},
  title = 	 {Early Experiences in {South} {Australia}: Second Series},
  publisher = 	 {E. S. Wigg},
  year = 	 1901,
  address =	 {Adelaide},
  note =	 {Reprint, 1975: Australiana Facsimile Editions,
                  State Library Board of SA}
}

@Article{gordon1883,
  author = 	 {G. Gordon},
  title = 	 {American and {Australian} Irrigation},
  journal = 	 {Trans. \& Proc.\ Austn Engng Assoc.},
  year = 	 {1883--1885},
  volume =	 1
}

@Article{gordon1900,
  author = 	 {G. Gordon},
  title = 	 {Irrigation in {Victoria}},
  journal = 	 {Min.\ Proc.\ Inst.\ Civil Eng.},
  year = 	 1900,
  volume =	 142,
  pages =        {326--333}
}

@Book{green1892,
  author =	 {J. J. Green and A. Molineux},
  title = 	 {Irrigation},
  publisher = 	 {\textbf{XXX}},
  year = 	 1892,
  address =	 {\textbf{XXX}}
}

@Book{hope1900,
  author =	 {{Lady} E. R. Hope},
  title = 	 {General {Sir} {Arthur} {Cotton}, {RE}, {KCSI}},
  publisher = 	 {Hodder \& Stoughton},
  year = 	 1900,
  address =	 {London}
}

@Book{hallack1893,
  author =	 {Hallack, ('A Native'), E. T.},
  title = 	 {Toilers of the Hills},
  publisher = 	 {Adelaide Observer},
  year = 	 1893,
  address =	 {Adelaide},
  note =	 {Reprint, District Council of East Torrens SA, 1987}
}

@Book{howitt1885,
  author =	 {W. Howitt},
  title = 	 {Land, Labour and Gold: or,
                  {Two} years in {Victoria}
                  with visits to {Sydney} and {Van} {Diemen's} {Land}},
  publisher = 	 {Longman, Brown, Green and Longmans},
  year = 	 1855,
  address =	 {London},
  note =	 {Reprint, Lowden Publishing Co., 1972}
}

@Book{irwin1835,
  author =	 {F. C. Irwin},
  title = 	 {The State and Position of {Western} {Australia}:
                  Commonly Called the {Swan}-{River} Settlement},
  publisher = 	 {Simpkin \& Marshall},
  year = 	 1835,
  address =	 {London}
}

@Book{labilliere1878,
  author =	 {Francis Peter Labilliere},
  title = 	 {Early History of the Colony of {Victoria}},
  publisher = 	 {Sampson Low, Marston, Searle, \& Rivington},
  year = 	 1878,
  volume =	 {II},
  address =	 {London}
}

@Book{lameslee1883,
  author =	 {E. M. la Meslee},
  title = 	 {The New {Australia}},
  publisher = 	 {Heinemann},
  year = 	 1973,
  note =	 {Trans.\ R. Ward}
}

@Book{mckay1962,
  editor =	 {A. McKay},
  title = 	 {Journals of the Land Commmissioners for
                  {Van} {Diemen's} {Land} 1826--28},
  publisher = 	 {Univ.\ of Tas.\ and Tas.\ Hist.\ Assoc.},
  year = 	 1962,
  address =	 {Hobart}
}

@Article{mckay1907,
  author = 	 {R. T. McKay},
  title = 	 {The Utilization of the {Murrumbidgee} Waters},
  journal = 	 {Agr.\ Gaz.\ NSW},
  year = 	 1907,
  volume =	 118,
  pages =	 {103--116}
}

@InCollection{mead1914,
  author = 	 {E. Mead},
  title = 	 {Irrigation in {Victoria}},
  booktitle = 	 {Handbook to {Victoria}},
  pages =	 {255--268},
  publisher =	 {Brit.\ Assoc.\ Adv.\ Sci.},
  year =	 1914,
  address =	 {Melbourne}
}

@Book{mitchell1839,
  author =	 {T. L. Mitchell},
  title = 	 {Three Expeditions into the Interior of Eastern {Australia}:
                  with Descriptions of the Recently Explored
                  Region of {Australia} {Felix},
                  and of the Present Colony of {New} {South} {Wales}},
  publisher = 	 {T. \& W. Boone},
  year = 	 1839,
  address =	 {London},
  note =         {Reprint, Australiana Facsimilie Editions No.\,18, 1965}
}

@Book{mitchell1848,
  author =	 {T. L. Mitchell},
  title = 	 {Journal of and Expedition into Tropical {Australia},
                  in Search of a Route from {Sydney} to
                  the {Gulf} of {Carpentaria}},
  publisher = 	 {Longman, Brown, Green and Longmans},
  year = 	 1848,
  address =	 {London},
  note =         {Reprint, Greenwood Press 1969}
}

@Book{morphett1836,
  author =	 {J. Morphett},
  title = 	 {South {Australia}},
  publisher = 	 {J. Gliddon},
  year = 	 1837,
  address =	 {London},
  note =	 {Reprint, 1962; Libraries Board of South Australia}
}

@Book{mundy1852,
  author =	 {G. Mundy},
  title = 	 {Our {Antipodes}},
  publisher = 	 {Richard Bentley},
  year = 	 1852,
  address =	 {London},
  edition =	 {2nd},
  note =         {Reprint, 1971; Review Publications}
}

@Book{murray1892,
  author =	 {S. Murray},
  title = 	 {Irrigation in {Victoria}: its Position and Prospects:
                  a Report for the {Honourable} {Geo.} {Graham},
                  {M.P.}, {Minister} of {Water} {Supply}},  
  publisher = 	 {Govt Printer},
  year = 	 1892,
  address =	 {Melbourne}
}

@Book{oldham1913,
  author =	 {H. Oldham},
  title = 	 {Irrigation and Water Conservation in {Western} {Australia}},
  publisher = 	 {Perth Govt Printer},
  year = 	 1913
}

@Book{ogle1839,
  author =	 {N. Ogle},
  title = 	 {The Colony of {Western} {Australia}},
  publisher = 	 {Fraser},
  year = 	 1839,
  address =	 {London}
}

@Book{smyth1869,
  author =	 {R. B. Smyth},
  title = 	 {The Goldfields and Mineral Districts of {Victoria}},
  publisher = 	 {Govt Printer},
  year = 	 1869,
  address =	 {Melbourne},
  note =         {Reprint, Queensberry Hill Press 1979}
}

@Book{sowden1882,
  author =	 {W. J. Sowden},
  title = 	 {The {Northern} {Territory} as it is: a Narrative of the 
                  {South} {Australian} {Parliamentary} Party's Trip, and
                  Full Descriptions of the {Northern} {Territory},
                  its Settlements and Industries},
  publisher = 	 {W. K. Thomas \& Co.},
  year = 	 1882,
  address =	 {Adelaide},
  note =         {Reprint, Govt Printer, Darwin 1984}
}

@Book{strzelecki1845,
  author =	 {P. E. de Strzelecki},
  title = 	 {Physical Description of {New} {South} {Wales}
                  and {Van} {Diemen's} {Land}: Accompanied by a Geological
                  Map, Sections and Diagrams,
                  and Figures of the Organic Remains},
  publisher = 	 {Longman, Brown, Green, and Longmans},
  year = 	 1845,
  address =	 {London},
  note =         {Reprint, Libraries Board of South Australia 1967}
}

@Book{sturt1833,
  author =	 {C. Sturt},
  title = 	 {Two Expeditions into the Interior of {Southern} {Australia},
                  During the Years 1828, 1829, 1830 and 1831: With
                  Observations on the Soil, Climate and General Resources
                  of the Colony of {New} {South} {Wales}},
  publisher = 	 {Smith, Elser \& Co.},
  year = 	 1833,
  address =	 {London}
}

@Book{thomas1865,
  author =	 {R. G. Thomas and C. T. Hargrave and J. Macgeorge},
  title = 	 {Prize Essays on the Drainage and Sewerage of the
                  {City} of {Adelaide}},
  publisher = 	 {David Gall},
  year = 	 1865,
  address =	 {Adelaide}
}

@Book{tucker1894,
  author =	 {H. F. Tucker},
  title = 	 {The {New} {Arcadia}},
  publisher = 	 {G. Robertson},
  year = 	 1894,
  address =	 {London}
}

@Book{twopenny1883,
  author =	 {R. E. N. Twopenny},
  title = 	 {Town Life in {Australia}},
  publisher = 	 {E. Stock},
  year = 	 1883,
  address =	 {London},
  note =         {Reprint, Sydney University Press 1973}
}

@Book{vincent1889,
  author =	 {J. E. M. Vincent},
  title = 	 {The {Australian} Irrigation Colonies
                  on the {River} {Murray}
                  in {Victoria} and {South} {Australia}},
  publisher = 	 {Smith \& Elder},
  year = 	 1889,
  address =	 {London}
}

@Book{ward1862,
  author =	 {E. Ward},
  title = 	 {The Vineyards and Orchards of {South} {Australia}},
  publisher = 	 {The Advertiser},
  year = 	 1862,
  address =	 {Adelaide}
}
