@string{A+R = "Angus \& Robertson"}
@string{A+W = "Allen \& Unwin"}
@string{ADB = "Australian Dictionary of Biography"}
@string{CUP = "Cambridge University Press"}
@string{G+G = "Gordon \& Gotch"}
@string{MUP = "Melbourne University Press"}
@string{OUP = "Oxford University Press"}

%%%%%%%%%%%%%%%%%%%%%%%%%%%%%%%%%%%%%%%%%%%%%%%%%%%%%%%%%%%%%%%%%%%%%%%%%%%%%%
% -- Published after 1920:

@Book{aird1961,
  author =	 {W. V. Aird},
  title = 	 {The Water Supply, Sewerage and Drainage of {Sydney}},
  publisher = 	 {xxx},
  year = 	 1961,
  address =	 {Sydney}
}

@Book{alexander1928,
  author =	 {J. A. Alexander},
  title = 	 {The Life of {George} {Chaffey}: A Story of
                  Irrigation Beginnings in {California} and {Australia}},
  publisher = 	 {xxx},
  year = 	 1928,
  address =	 {Melbourne}
}

@Book{anderson1988,
  author =	 {R. J. Anderson},
  title = 	 {Solid Town, the History of {Port} {Augusta}},
  publisher = 	 {xxx},
  year = 	 1988,
  address =	 {Port Augusta}
}

@Book{aas1964,
  author =	 {Australian Acadamy of Science},
  title = 	 {Water Resources; Use and Management},
  publisher = 	 {Australian Academy of Science},
  year = 	 1964,
  address =	 {Melbourne}
}

@Book{badger1971,
  author =	 {C. R. Badger},
  title = 	 {{Charles} {Strong} and the {Australian} Church},
  publisher = 	 {xxx},
  year = 	 1971,
  address =	 {Melbourne}
}

@Book{barr1992,
  author =	 {N. Barr and J. Carey},
  title = 	 {Greening a Brown Land},
  publisher = 	 {xxx},
  year = 	 1992,
  address =	 {Melbourne}
}

@Book{billiss1930,
  author =	 {R. V. Billiss and A. S. Kenyon},
  title = 	 {Pastures New},
  publisher = 	 {xxx},
  year = 	 {1930/1974},
  address =	 {Melbourne}
}

@Book{billiss1932,
  author =	 {R. V. Billiss and A. S. Kenyon},
  title = 	 {Pastoral Pioneers of {Port} {Phillip}},
  publisher = 	 {xxx},
  year = 	 {1932/1974},
  address =	 {Melbourne}
}


@Article{blackburn1985,
  author = 	 {G. Blackburn},
  title = 	 {{Arthur} {Cotton} and Irrigation in {Tasmania} 1839--43},
  journal = 	 {Proc.\ Roy.\ Soc.\ Tas.},
  year = 	 1985,
  volume =	 119,
  pages =	 {1--5}
}

@Book{blake1962,
  author =	 {L. J. Blake and K. H. Lovett},
  title = 	 {{Wimmera} {Shire} Centenary},
  publisher = 	 {xxx},
  year = 	 1962,
  address =	 {Horsham}
}


@Article{blake1966,
  author = 	 {L. J. Blake},
  title = 	 {Village Settlements},
  journal = 	 {Vic.\ Hist.\ Mag.},
  year = 	 1966,
  volume =	 37,
  pages =	 189
}

@Book{blake1973,
  author =	 {L. J. Blake},
  title = 	 {Wimmera},
  publisher = 	 {xxx},
  year = 	 1973,
  address =	 {Melbourne}
}

@Book{blake1976,
  author =	 {L. J. Blake},
  title = 	 {The Land of the {Lowan}},
  publisher = 	 {Nhill and District Hist.\ Soc.},
  year = 	 1976,
  address =	 {Nhill}
}

@Book{bolton1972,
  author =	 {G. C. Bolton},
  title = 	 {A Thousand Miles Away: {A} History of {North} {Queensland}},
  publisher = 	 {xxx},
  year = 	 1972,
  address =	 {Canberra}
}

@Book{bowd1982,
  author =	 {D. G. Bowd},
  title = 	 {Macquarie Country},
  publisher = 	 {xxx},
  year = 	 1982,
  address =	 {Melbourne}
}

@Book{broome1984,
  author =	 {R. Broome},
  title = 	 {The {Victorians}: Arriving},
  publisher = 	 {xxx},
  year = 	 1984,
  address =	 {Melbourne}
}

@Book{brown1941,
  editor =	 {P. L. Brown},
  title = 	 {Clyde {Company} Papers},
  publisher = 	 {xxx},
  year = 	 1941,
  volume =	 1,
  address =	 {xxx}
}

@Book{burton1973,
  author =	 {B. Burton},
  title = 	 {Flow Gently Past: The Story of the {Corowa} District},
  publisher = 	 {xxx},
  year = 	 1973,
  address =	 {Corowa}
}

@Book{buxton1967,
  author =	 {G. L. Buxton},
  title = 	 {The {Riverina} 1861--1891},
  publisher = 	 {xxx},
  year = 	 1967,
  address =	 {Melbourne}
}

@Book{cannon1973,
  author =	 {M. Cannon},
  title = 	 {Australia in the {Victorian} Age: Life in the Country},
  publisher = 	 {xxx},
  year = 	 1973,
  address =	 {Melbourne}
}

@Book{cannon1975,
  author =	 {M. Cannon},
  title = 	 {Australia in the {Victorian} Age: Life in the Cities},
  publisher = 	 {xxx},
  year = 	 1975,
  address =	 {Melbourne}
}

@Book{cannon1972,
  author =	 {M. Cannon},
  title = 	 {The Land Boomers},
  publisher = 	 {xxx},
  year = 	 {1972/1986},
  address =	 {Melbourne}
}

@Book{coulson1979,
  author =	 {H. Coulson},
  title = 	 {{Echuca}--{Moama}: {Murray} {River} Neighbours},
  publisher = 	 {xxx},
  year = 	 1979,
  address =	 {Red Cliffs}
}

@Book{coulson1995,
  author =	 {H. Coulson},
  title = 	 {{Echuca}--{Moama} by the {Murray}},
  publisher = 	 {xxx},
  year = 	 1995,
  address =	 {Melbourne}
}

@Book{cumming1986,
  author =	 {D. A. Cumming and G. Moxham},
  title = 	 {They Built {South} {Australia}},
  publisher = 	 {xxx},
  year = 	 1986,
  address =	 {Adelaide}
}

@Book{davidson1969,
  author =	 {B. R. Davidson},
  title = 	 {Australia Wet or Dry?},
  publisher = 	 {xxx},
  year = 	 1969,
  address =	 {Melbourne}
}

@Book{dunstan1984,
  author =	 {D. Dunstan},
  title = 	 {Governing the {Metropolis}},
  publisher = 	 {xxx},
  year = 	 1984,
  address =	 {Melbourne}
}

@Book{dutton1977,
  author =	 {G. Dutton},
  title = 	 {Edward {John} {Eyre}},
  publisher = 	 {xxx},
  year = 	 1977,
  address =	 {Melbourne}
}

@Article{eklund1923,
  author = 	 {H. E. A. Eklund},
  title = 	 {Irrigation in {Queensland}},
  journal = 	 {Qld Agr.\ J.},
  year = 	 {1923--24},
  volume =	 {20 \& 21}
}

@Book{ellis1978,
  author =	 {M. H. Ellis},
  title = 	 {John {Macarthur}},
  publisher = 	 {xxx},
  year = 	 1978,
  address =	 {Sydney}
}

@Article{evatt1938,
  author = 	 {G. J. Evatt},
  title = 	 {Developemnt of Irrigation
                  with Special Reference to {New} {South} {Wales}},
  journal = 	 {J.\,Publ.\ Admin.},
  year = 	 1938,
  volume =	 1,
  number =	 2,
  pages =	 16
}

@Book{faull1981,
  author =	 {J. Faull},
  title = 	 {Alexandrina's Shore},
  publisher = 	 {xxx},
  year = 	 1981,
  address =	 {Milang}
}

@Book{feldtmann1973,
  author =	 {A. Feldtmann},
  title = 	 {{Swan} {Hill}},
  publisher = 	 {xxx},
  year = 	 1973,
  address =	 {Adelaide}
}

@Book{fitzpatrick1941,
  author =	 {B. Fitzpatrick},
  title = 	 {The {British} {Empire} in {Australia}},
  publisher = 	 MUP,
  year = 	 1941
}

@Book{frith1974,
  editor =	 {H. J. Frith and G. Sawer},
  title = 	 {{The} {Murray} {Waters}},
  publisher = 	 A+R,
  year = 	 1974,
  address =	 {Sydney}
}

@Book{gittins1981,
  author =	 {J. Gittens},
  title = 	 {The Diggers from China},
  publisher = 	 {xxx},
  year = 	 1981,
  address =	 {Melbourne}
}

@Book{gowlland1980,
  author =	 {R. W. Gowlland},
  title = 	 {Some {Van} {Diemen's} {Land} Affairs},
  publisher = 	 {Derwent Printery},
  year = 	 1981,
  address =	 {New Norfolk}
}

@Book{hallows1996,
  author =	 {P. J. Hallows and D. G. Thompson},
  title = 	 {The History of Irrigation in {Australia}},
  publisher = 	 {xxx},
  year = 	 1996,
  address =	 {Mildura}
}

@Book{hall1931,
  author =	 {H. L. Hall},
  title = 	 {Victoria's Part in the {Australian} Federation Movement},
  publisher = 	 {xxx},
  year = 	 1931,
  address =	 {London}
}

@Book{hammerton1986,
  author =	 {M. Hammerton},
  title = 	 {Water {South} {Australia}},
  publisher = 	 {xxx},
  year = 	 1986,
  address =	 {Adelaide}
}

@Book{harris1923,
  author =	 {D. G. Harris},
  title = 	 {Irrigation in {India}},
  publisher = 	 {xxx},
  year = 	 1923,
  address =	 {London}
}

@Book{hartwell1954,
  author =	 {R. M. Hartwell},
  title = 	 {The Economic Development of {Van} {Diemen's} {Land}},
  publisher = 	 {xxx},
  year = 	 1954,
  address =	 {Melbourne}
}

@Book{healy1990,
  author =	 {M. Healy},
  title = 	 {Railways and Pastures: The {Australian} {O'Keefes}},
  publisher = 	 {xxx},
  year = 	 1990,
  address =	 {Melbourne}
}

@Book{hill1937,
  author =	 {E. Hill},
  title = 	 {Water into Gold},
  publisher = 	 {Robertson \& Mullins},
  year = 	 1937,
  address =	 {Melbourne},
  note =	 {Reprinted by Angus \& Robertson 1965}
}

@InCollection{honniball1967,
  author = 	 {J. H. M. Honniball},
  title = 	 {W. H. {Mackie}},
  booktitle = 	 {Australian Dictionary of Biography},
  pages =	 174,
  publisher =	 {xxx},
  year =	 1967,
  volume =	 2,
  address =	 {xxx}
}

@Book{horsham1991,
  author =	 {Horsham District Historical Society},
  title = 	 {Memories of {Quantong}},
  publisher = 	 {xxx},
  year = 	 1991,
  address =	 {Horsham}
}

@Book{james1985,
  editor =	 {K. N. James},
  title = 	 {Werribee},
  publisher = 	 {Werribee District Historical Society},
  year = 	 1985
}

@Book{jeffcoat1988,
  author =	 {K. Jeffcoat},
  title = 	 {More Precious than Gold},
  publisher = 	 {xxx},
  year = 	 1988,
  address =	 {Parramatta}
}

@InCollection{johnson1991,
  author = 	 {K. Johnson and M. Flynn},
  title = 	 {Convicts of the {Queen}},
  booktitle = 	 {Exiles from {Erin}},
  pages =	 22,
  publisher =	 {xxx},
  year =	 1991,
  editor =	 {R. Reece}
}

@Book{jones1994,
  author =	 {A. Jones},
  title = 	 {Lyrup Village},
  publisher = 	 {Lyrup Village Centenary Committee},
  year = 	 1994
}

@Book{kaluski1985,
  author =	 {M. Kaluski},
  title = 	 {Sir {Paul} E. {Strzelecki}},
  publisher = 	 {xxxx},
  year = 	 1985,
  address =	 {xxx}
}

@Book{keating1992,
  author =	 {J. Keating},
  title = 	 {The Drought Walked Through},
  publisher = 	 {xxx},
  year = 	 1992,
  address =	 {Melbourne}
}

@Book{kelly1988,
  author =	 {B. M. Kelly},
  title = 	 {From Wilderness to {Eden}},
  publisher = 	 {xxx},
  year = 	 1988,
  address =	 {Griffith}
}

@Book{kerridge1973,
  author =	 {E. Kerridge},
  title = 	 {The Farmers of {Old} {England}},
  publisher = 	 {xxx},
  year = 	 1973,
  address =	 {xxx}
}

@Book{lanauze1979,
  author =	 {La Nauze, J. A.},
  title = 	 {{Alfred} {Deakin}: A Biography},
  publisher = 	 {xxx},
  year = 	 1979,
  address =	 {Sydney}
}

@Book{langfordsmith1966,
  author =	 {T. Langford-Smith and J. Rutherford},
  title = 	 {Water and Land: TWo Case Studies in Irrigation},
  publisher = 	 {xxx},
  year = 	 1966,
  address =	 {Canberra}
}

@Book{lewis1985,
  author =	 {H. J. Lewis},
  title = 	 {Enfield and the Northern Villages},
  publisher = 	 {xxx},
  year = 	 1985,
  address =	 {Adelaide}
}

@Book{linge1979,
  author =	 {G. J. R. Linge},
  title = 	 {Industrial Awakening},
  publisher = 	 {xxx},
  year = 	 1979,
  address =	 {xxx}
}

@Book{litchfield1983,
  author =	 {L. Litchfield},
  title = 	 {Marree and the Tracks Beyond in Black and White},
  publisher = 	 {xxx},
  year = 	 1983,
  address =	 {Adelaide}
}

@Book{lloyd1988,
  author =	 {C. J. Lloyd},
  title = 	 {Either Drought or Plenty},
  publisher = 	 {xxx},
  year = 	 1988,
  address =	 {xxxx}
}

@Book{mack1994,
  author =	 {D. Mack},
  title = 	 {The Village Settlements on the {River} {Murray} 1894--1909},
  publisher = 	 {xxx},
  year = 	 1994,
  address =	 {Adelaide}
}

@Book{mccoy1988,
  author =	 {C. G. McCoy},
  title = 	 {The Supply of Water for Irrigation in {Victoria}
                  from 1881 to 1981},
  publisher = 	 {xxx},
  year = 	 1988,
  address =	 {Melbourne}
}

@Book{mcnab1944,
  author =	 {R. F. McNab},
  title = 	 {The Early Settlement and Water Supply
                  of the {Wimmera} and {Mallee}},
  publisher = 	 {xxx},
  year = 	 1944,
  address =	 {Melbourne}
}

@Book{madigan1936,
  author =	 {C. T. Madigan},
  title = 	 {Central {Australia}},
  publisher = 	 OUP,
  year = 	 1936
}

@Book{martin1955,
  author =	 {C. S. Martin},
  title = 	 {Irrigation and Closer Settlement in the {Shepparton} 
                  District 1836--1906},
  publisher = 	 MUP,
  year = 	 1955
}

@Book{masoncox1994,
  author =	 {M. Mason-Cox},
  title = 	 {Lifeblood of a Colony:
                  A History of Irrigation in {Tasmania}},
  publisher = 	 {Rivers and Water Supply Commission},
  year = 	 1994,
  address =	 {Hobart}
}

@Book{massola1970,
  author =	 {A. Massola},
  title = 	 {Aboriginal Mission Stations in {Victoria}},
  publisher = 	 {xxx},
  year = 	 1970,
  address =	 {Melbourne}
}

@Book{metcalf1995,
  author =	 {W. Metcalf},
  title = 	 {From Utopian Dreaming to Communal Reality},
  publisher = 	 {xxx},
  year = 	 1995,
  address =	 {Sydney}
}

@Book{mingay1989,
  editor =	 {G. E. Mingay},
  title = 	 {The Agrarian History of {England} and {Wales}},
  publisher = 	 {xxx},
  year = 	 1989,
  volume =	 {VI},
  address =	 {xxx}
}

@Book{morgan1992,
  author =	 {S. Morgan},
  title = 	 {Land Settlement in Early {Tasmania}},
  publisher = 	 CUP,
  year = 	 1992
}

@InCollection{mossenson1967,
  author = 	 {D. Mossenson},
  title = 	 {{F}. {C}. {Irwin}},
  booktitle = 	 {Australian Dictionary of Biography},
  pages =	 5,
  publisher =	 {xxx},
  year =	 1967,
  volume =	 2,
  address =	 {xxx}
}

@Book{munro1974,
  author =	 {C. H. Munro},
  title = 	 {Australian Water Resources and their Development},
  publisher = 	 A+R,
  year = 	 1974,
  address =	 {Sydney}
}

@Book{pacey1990,
  author =	 {A. Pacey},
  title = 	 {Technology in World Civilization},
  publisher = 	 {xxx},
  year = 	 1990,
  address =	 {xxx}
}

@Book{painter1979,
  author =	 {G. Painter},
  title = 	 {The River Trade: {Wool} and Steamers},
  publisher = 	 {Turton \& Armstrong},
  year = 	 1979,
  address =	 {Swan Hill}
}

@Book{parker1982,
  author =	 {K. L. Parker},
  title = 	 {My Bush Book},
  publisher = 	 {xxx},
  year = 	 1982,
  address =	 {Adelaide}
}

@Book{paszkowski1997,
  author =	 {L. Paszkowski},
  title = 	 {Sir {Paul} {Edmund} de {Strzelecki}},
  publisher = 	 {xxxx},
  year = 	 1997,
  address =	 {xxxx}
}

@Book{patterson1971,
  author =	 {T. Patterson},
  title = 	 {A Colony for {California}},
  publisher = 	 {xxx},
  year = 	 1971,
  address =	 {Riverside}
}

@Book{pearce1976,
  author =	 {M. Pearce},
  title = 	 {The Hop Industry in {Australia}},
  publisher = 	 {xxx},
  year = 	 1976,
  address =	 {Melbourne}
}

@Book{peel1974,
  author =	 {L. J. Peel},
  title = 	 {Rural Industry in the {Port} {Phillip} Region 1835--1880},
  publisher = 	 {xxx},
  year = 	 1974,
  address =	 {Melbourne}
}

@Book{powell1989,
  author =	 {J. M. Powell},
  title = 	 {Watering the Garden State: 
                  Water, Land and Community in {Victoria}},
  publisher = 	 A+W,
  year = 	 1989,
  address =	 {Sydney}
}

@Book{priestley1965,
  author =	 {S. Priestley},
  title = 	 {Echuca: A Centenary History},
  publisher = 	 {Jacarada},
  year = 	 1965,
  address =	 {Brisbane}
}

@Book{priestley1984,
  author =	 {S. Priestley},
  title = 	 {The {Victorians}: Making Their Mark},
  publisher = 	 {Fairfax, Syme \& Weldon},
  year = 	 1984,
  address =	 {McMahons Pt}
}

@Book{roberts1924,
  author =	 {S. H. Roberts},
  title = 	 {History of {Australian} Land Settlement},
  publisher = 	 {xxx},
  year = 	 1924,
  address =	 {Melbourne}
}

@Book{roberts1935,
  author =	 {S. H. Roberts},
  title = 	 {The Squatting Age in {Australia} 1835--1847},
  publisher = 	 {xxx},
  year = 	 {1935/70},
  address =	 {Melbourne}
}

@InCollection{robson1967,
  author = 	 {L. L. Robson},
  title = 	 {Michael Fenton},
  booktitle = 	 ADB,
  pages =	 371,
  publisher =	 {xxx},
  year =	 1967,
  volume =	 1,
  address =      {xxx}
}

@Book{ronald1978,
  author =	 {H. B. Ronald},
  title = 	 {Wool Past the Winning Post:
                  A History of the {Chirnside} Family},
  publisher = 	 {xxx},
  year = 	 1978,
  address =	 {Melbourne}
}

@Book{ryan1995,
  author =	 {J. Ryan},
  title = 	 {Ancsetors: {Chinese} in Colonial {Australia}},
  publisher = 	 {Freemantle Arts Centre Press},
  year = 	 1995
}

@Article{scarborough1975,
  author = 	 {D. H. Scarborough and I. M. Brand},
  title = 	 {xxxxxx},
  journal = 	  {Tas.\ J.\,Agric.},
  year = 	 1975,
  pages =	 {227--230}
}

@Book{scholes1989,
  author =	 {L. Scholes},
  title = 	 {A History of the Shire of {Swan} {Hill}},
  publisher = 	 {Shire of Swan Hill},
  year = 	 1989
}

@Book{schubert1985,
  author =	 {D. Schubert},
  title = 	 {Kavel's People},
  publisher = 	 {xxx},
  year = 	 1985,
  address =	 {Adelaide}
}

@Book{sharland1971,
  author =	 {M. Sharland},
  title = 	 {The Verdant Plains: History of the {East} {Loddon} {Shire}},
  publisher = 	 {xxx},
  year = 	 1971,
  address =	 {Melbourne}
}

@InCollection{shaw1967,
  author = 	 {A. G. L. Shaw},
  title = 	 {Sir {George} {Arthur}},
  booktitle = 	 {Australian Dictionary of Biography},
  pages =	 32,
  publisher =	 {xxx},
  year =	 1967,
  volume =	 1,
  address =      {xxx}
}

@InCollection{stancombe1968,
  author = 	 {G. H. Stancombe},
  title = 	 {{A}. {W}. {H}. Humphrey},
  booktitle = 	 {Australian Dictionary of Biography},
  pages =	 565,
  publisher =	 {xxx},
  year =	 1968,
  volume =	 1,
  address =	 {xxxx}
}

@Book{stern1979,
  author =	 {P. Stern},
  title = 	 {Small-Scale Irrigation},
  publisher = 	 {xxx},
  year = 	 1979,
  annote =	 {Cited in Pacey~(1990).}
}

@book{tolcher1986,
  author =	 {H. M. Tolcher},
  title = 	 {Drought or Deluge: Man in the {Coopers} {Creek} Region},
  publisher = 	 {xxx},
  year = 	 1986,
  address =	 {Melbourne}
}

@Article{trevaks1937,
  author = 	 {J. Trevaks},
  title = 	 {A Successful Experiment in Settling of {Jews}
                  on the Land in {Australia}},
  journal = 	 {Australian Jewish Almanac},
  year = 	 1937,
  note =	 {(Yiddish)}
}

@Book{walsh1967,
  editor =	 {D. Walsh},
  title = 	 {The Admiral's Wife: {Mrs} {Phillip} {Parker} {King}:
                  {A} Selection of Letters 1817--56},
  publisher = 	 {xxx},
  year = 	 1967,
  address =	 {Melbourne}
}

@Book{warburton1981,
  author =	 {E. Warburton},
  title = 	 {The Paddocks Beneath:
                  A History of {Burnside} from its Beginning},
  publisher = 	 {xxx},
  year = 	 1981,
  address =	 {Adelaide}
}

@Book{warburton1977,
  author =	 {J. W. Warburton},
  title = 	 {Five Metropolitan Creeks of the {River} {Torrens},
                  {South} {Australia}},
  publisher = 	 {xxx},
  year = 	 1977,
  address =	 {Adelaide}
}

@Book{wells1986,
  author =	 {S. Wells},
  title = 	 {Paddle Steamers to Cornucopia:
                  The {Renmark}--{Mildura} Experiment of 1887},
  publisher = 	 {xxx},
  year = 	 1986,
  address =	 {Renmark}
}

@Book{white1976,
  author =	 {N. White},
  title = 	 {Man and Water: A History of Hydro-Technology},
  publisher = 	 {xxx},
  year = 	 1976,
  address =	 {London}
}

@Book{williams1974,
  author =	 {M. Williams},
  title = 	 {The Making of {South} {Australia}},
  publisher = 	 {xxx},
  year = 	 1974,
  address =	 {London}
}

@Book{williams1936,
  author =	 {W. Williams},
  title = 	 {A History of {Bacchus} {Marsh} and its Pioneers 1836--1936},
  publisher = 	 {xxx},
  year = 	 1936,
  address =	 {Bacchus Marsh}
}

@InCollection{williamson1968,
  author = 	 {W. H. Williamson},
  title = 	 {Water --- From {Tank} {Stream} to {Snowy} {Scheme}},
  booktitle = 	 {A Century of Scientific Progress},
  publisher =	 {xxx},
  year =	 1968,
  chapter =	 2,
  address =	 {Sydney}
}

@Article{winther1953,
  author = 	 {O. O. Winther},
  title = 	 {The Colony System of Southern California},
  journal = 	 {Agric.\ Hist.},
  year = 	 1953,
  volume =	 27,
  pages =	 {94--102}
}

@Book{woolmer1973,
  author =	 {G. Woolmer},
  title = 	 {The {Barmera} Story},
  publisher = 	 {xxx},
  year = 	 1973,
  address =	 {Barmera}
}
