@string{A+R   = "Angus \& Robertson"}
@string{A+U   = "Allen \& Unwin"}
@string{ADB   = "Australian Dictionary of Biography"}
@string{CUP   = "Cambridge University Press"}
@string{G+G   = "Gordon \& Gotch"}
@string{MUP   = "Melbourne University Press"}
@string{OUP   = "Oxford University Press"}
@string{BAAS  = "British Association for the Advancement of Science"}
@string{ANUP  = "Australian National University Press"}
@string{UQP   = "University of Queensland Press"}
@string{UNSWP = "University of New South Wales Press"}

@Book{alexander1928,
  author =	 {J. A. Alexander},
  title = 	 {The Life of {George} {Chaffey}: A Story of
                  Irrigation Beginnings in {California} and {Australia}},
  publisher = 	 {Macmillan},
  year = 	 1928,
  address =	 {Melbourne}
}

@Book{davidson1969,
  author =	 {B. R. Davidson},
  title = 	 {Australia Wet or Dry?},
  publisher = 	 MUP,
  year = 	 1969
}

@InCollection{deakin1892,
  author = 	 {A. Deakin},
  title = 	 {Irrigation in {Australia}},
  booktitle = 	 {Yearbook of Australia},
  year =	 1892,
  address =	 {Sydney}
}

@Book{frith1974,
  editor =	 {H. J. Frith and G. Sawer},
  title = 	 {{The} {Murray} Waters},
  publisher = 	 A+R,
  year = 	 1974,
  address =	 {Sydney}
}

@Book{hallows1996,
  author =	 {P. J. Hallows and D. G. Thompson},
  title = 	 {The History of Irrigation in {Australia}},
  publisher = 	 {Australian National Committee on Irrigation and Drainage},
  year = 	 1996,
  address =	 {Mildura}
}

@Book{hammerton1986,
  author =	 {M. Hammerton},
  title = 	 {Water {South} {Australia}},
  publisher = 	 {Wakefield Press},
  year = 	 1986,
  address =	 {Adelaide}
}

@Book{hill1937,
  author =	 {E. Hill},
  title = 	 {Water into Gold},
  publisher = 	 {Robertson \& Mullins},
  year = 	 1937,
  edition =      {3rd},
  address =	 {Melbourne},
  note =	 {Reprint, Angus \& Robertson 1965}
}

@Book{lloyd1988,
  author =	 {C. J. Lloyd},
  title = 	 {Either Drought or Plenty},
  publisher = 	 {Dept.\ Water Resources, NSW},
  year = 	 1988,
  address =	 {Sydney}
}

@Book{mack1994,
  author =	 {D. Mack},
  title = 	 {The Village Settlements on the {River} {Murray} 
                  in {South} {Australia} 1894--1909},
  publisher = 	 {David Mack},
  year = 	 1994,
  address =	 {Adelaide}
}

@Book{martin1955,
  author =	 {C. S. Martin},
  title = 	 {Irrigation and Closer Settlement in the {Shepparton} 
                  District 1836--1906},
  publisher = 	 MUP,
  year = 	 1955
}

@Book{masoncox1994,
  author =	 {M. Mason-Cox},
  title = 	 {Lifeblood of a Colony:
                  A History of Irrigation in {Tasmania}},
  publisher = 	 {Rivers and Water Supply Commission},
  year = 	 1994,
  address =	 {Hobart}
}

@Book{mccoy1988,
  author =	 {C. G. McCoy},
  title = 	 {The Supply of Water for Irrigation in {Victoria}
                  from 1881 to 1981},
  publisher = 	 {Rural Water Commission of Victoria},
  year = 	 1988,
  address =	 {Melbourne}
}

@Book{powell1989,
  author =	 {J. M. Powell},
  title = 	 {Watering the Garden State: 
                  Water, Land and Community in {Victoria}},
  publisher = 	 A+U,
  year = 	 1989,
  address =	 {Sydney}
}

@Book{priestley1965,
  author =	 {S. Priestley},
  title = 	 {Echuca: A Centenary History},
  publisher = 	 {Jacaranda},
  year = 	 1965,
  address =	 {Brisbane}
}
