
@Article{howe84,
  author = 	 {M. S. Howe},
  title = 	 {On the Adsorption of Sound by Turbulence
                  and Other Hydrodyanmic Flows},
  journal = 	 {IMA J.\ Appl.\ Math.},
  year = 	 1984,
  volume =	 32,
  pages =	 {187--209}
}

@Article{cab82,
  author = 	 {A. Cabelli},
  title = 	 {The Influence of Flow on the Acoustic Characteristics of a
                 Duct Bend for Higher-Order Modes --- A Numerical Study},
  journal = 	 JSV,
  year = 	 1982,
  volume =	 82,
  number =	 1,
  pages =	 {131--149}
}

@Article{cas84,
  author = 	 {A. Cabelli and I. C. Shepherd},
  title = 	 {Duct Acoustics --- A Numerical Technique for the Higher
                 Order Mode Solution of Three-Dimensional Problems with Rigid
                 Walls and No Flow},
  journal = 	 JSV,
  year = 	 1984,
  volume =	 92,
  number =	 3,
  pages =	 {419--426}
}

@Article{cfc85,
  author = 	 {A. Cabelli and R. F. La Fontaine and I. C. Shepherd},
  title = 	 {The Time-Dependent Finite Difference Procedure for 
                 Propagation of Sound in a Non-Uniform Lined Duct ---
                 A Comparison with Experiments},
  journal = 	 JSV,
  year = 	 1985,
  volume =	 100,
  number =	 1,
  pages =	 {35--40}
}

