
@Article{bainp51,
  author = 	 {W. B. Baines and E. G. Peterson},
  title = 	 {An Investigation of Flow Through Screens},
  journal = 	 {Trans.\ ASME},
  year = 	 1951,
  volume =	 73,
  pages =	 {467--480}
}

@Article{brad65,
  author = 	 "P. Bradshaw",
  title = 	 "The Effect of Wind-Tunnel Screens on Nominally
		  Two-Dimensional Boundary Layers",
  journal =	 JFM,
  year =	 1965,
  volume =	 22,
  number =	 4,
  pages =	 "679--687"
}

@Article{brun93,
  author = 	 {Ewart Brundrett},
  title = 	 {Prediction of Pressure Drop for Incompressible Flow
                  Through Screens},
  journal = 	 JFE,
  year = 	 1993,
  volume =	 115
}

@Article{eld59,
  author = 	 {J. W. Elder},
  title = 	 {Steady Flow through Non-Uniform Gauzes of Arbitrary Shape},
  journal = 	 JFM,
  year = 	 1959,
  volume =	 5,
  pages =	 {355--368}
}

@Article{fay96,
  author = 	 "Cesar Farell and Sadek Youssef",
  title = 	 "Experiments on Turbulence Management Using Screens
		  and Honeycombs",
  journal =	 JFE,
  year =	 1996,
  volume =	 118,
  pages =	 "26--32"
}

@Article{gib73,
  author = 	 {J. C. Gibbings},
  title = 	 {The Pyramid Gauze Diffuser},
  journal = 	 {Ing.\ Arch.},
  year = 	 1973,
  volume =	 42,
  pages =	 {225--233}
}

@Article{lawl78,
  author = 	 {E. M. Laws and J. L. Livesey},
  title = 	 {Flow Through Screens},
  journal = 	 ARFM,
  year = 	 1978,
  volume =	 10,
  pages =	 {247--266}
}

@Article{livl73,
  author = 	 {J. L. Livesey and E. M. Laws},
  title = 	 {Flow Through Non-Uniform Gauze Screens},
  journal = 	 JFM,
  year = 	 1973,
  volume =	 59,
  number =	 4,
  pages =	 {737--743}
}

@Article{pinh67,
  author = 	 {R. A. Pinker and M. V. Herbert},
  title = 	 {Pressure Loss Associated with Compressible Flow Through
                  Square-Mesh Wire Gauzes},
  journal = 	 {J. Mech.\ Eng.\ Sci.},
  year = 	 1967,
  volume =	 9,
  number =	 1,
  month =	 {11--23}
}

@Article{rey69,
  author = 	 {A. J. Reynolds},
  title = 	 {Flow Deflection By Gauze Screens},
  journal = 	 {J. Mech.\ Eng.\ Sci.},
  year = 	 1969,
  volume =	 11,
  number =	 3,
  pages =	 {290--294}
}

@Article{turn69,
  author = 	 {J. T. Turner},
  title = 	 {A Computational Method for the Flow Through Non-Uniform
                  Gauzes: The General Two-Dimensional Case},
  journal = 	 JFM,
  year = 	 1969,
  volume =	 36,
  number =	 2,
  pages =	 {367--383}
}
