% $Id$
%%%%%%%%%%%%%%%%%%%%%%%%%%%%%%%%%%%%%%%%%%%%%%%%%%%%%%%%%%%%%%%%%%%%%%%%%%%%%%

@Article{ssk97,
  author = 	 {Shigeru Sunada and Akitoshi Sakaguchi and Keiji Kawachi},
  title = 	 {Airfoil Section Characteristics at Low {Reynolds} Number},
  journal = 	 JFE,
  year = 	 1997,
  volume =	 119,
  pages =	 {129--135}
}

@Article{lis83,
  author = 	 {P. B. S. Lissaman},
  title = 	 {Low-{Reynolds}-Number Airfoils},
  journal = 	 ARFM,
  year = 	 1983,
  volume =	 15,
  pages =	 {223--239}
}

