% $Id$
%%%%%%%%%%%%%%%%%%%%%%%%%%%%%%%%%%%%%%%%%%%%%%%%%%%%%%%%%%%%%%%%%%%%%%%%%%%%%%%

@Article{lmk97,
  author = 	 {Hung Le and Parviz Moin and John Kim},
  title = 	 {Direct Numerical Simulation of Turbulent Flow Over a 
                  Backward-Facing Step},
  journal = 	 JFM,
  year = 	 1997,
  volume =	 330,
  pages =	 {349--374}
}

@Article{armaly86,
  author = 	 {B. F. Armaly and F. Durst and J. C. F. Pereira
                  and B. Sch{\"{o}}nung},
  title = 	 {Experimental and Theoretical Investigation of
                  Backward-Facing Step Flow},
  journal = 	 JFM,
  year = 	 1983,
  volume =	 127,
  pages =	 {473--496}
}

@Article{bgh02,
  author = 	 {D. Barkley and M. G. M. Gomes, and R. D. Henderson},
  title = 	 {Three-Dimensional Instability in Flow Over a 
                  Backward-Facing Step},
  journal = 	 JFM,
  year = 	 2002,
  volume =	 473,
  pages =	 {167--190}
}

@InProceedings{msj06,
  author = 	 {O. Marquet and D. Sipp and L. Jacquin},
  title = 	 {Global Optimal Perturbations in a Separated Flow Over
                  a Backward-Rounded-Step},
  booktitle =	 {36th AIAA Flud Dynamics Conference and Exhibit},
  year =	 2006,
  number =	 {2006-2879},
  address =	 {San Francisco}
}

@Article{fk02,
  author = 	 {N. Furuichi and M. Kumada},
  title = 	 {An Experimental Study of a Spanwise Structure Around
                  a Reattachment Region of a Two-Dimensional Backward-Facing
                  Step},
  journal = 	 EF,
  year = 	 2002,
  volume =	 32,
  pages =	 {179--187}
}

@Article{lm98,
  author = 	 {T. Lee and D. Mateescu},
  title = 	 {Experimental and Numerical Investigation of {2-D}
                  Backward-Facing Step Flow},
  journal = 	 JFS,
  year = 	 1998,
  volume =	 12,
  pages =	 {703--716}
}

@Article{ksc02,
  author = 	 {J. Kostas and J. Soria and M. S. Chong},
  title = 	 {Particle Image Velocimetry Measurements of a 
                  Backward-Facing Step Flow},
  journal = 	 EF,
  year = 	 2002,
  volume =	 33,
  pages =	 {838--853}
}

@Article{wyag04,
  author = 	 {D. Wee and T. Yi and A. Annaswarmy and A. F. Ghoniem},
  title = 	 {Self-Sustained Oscillations and Vortex Shedding in 
                  Backward-Facing Step Flows: Simulation and Linear
                  Instability Analysis},
  journal = 	 PF,
  year = 	 2004,
  volume =	 16,
  number =	 9,
  pages =	 {3361--73}
}

@Article{ls01,
  author = 	 {I. Lee and H. Sung},
  title = 	 {Characteristics of Wall Pressure Fluctuations in Separated
                  Flows Over a Backward-Facing Step, Part {I}: Time-mean
                  Statistics and Cross-Spectral Analyses},
  journal = 	 EF,
  year = 	 2001,
  volume =	 30,
  pages =	 {262--272}
}

@Article{ls01,
  author = 	 {I. Lee and H. Sung},
  title = 	 {Characteristics of Wall Pressure Fluctuations in Separated
                  Flows Over a Backward-Facing Step, Part {II}: 
                  Unsteady Wavelet Analysis},
  journal = 	 EF,
  year = 	 2001,
  volume =	 30,
  pages =	 {263--282}
}


@Article{kko91,
  author = 	 {Lambros Kaiktsis and George Em Karniadakis and 
                  Steven A. Orszag},
  title = 	 {Onset of Three-Dimensionallity, Equilibria, and Early
                  Transition in Flow Over a Backward-Facing Step},
  journal = 	 JFM,
  year = 	 1991,
  volume =	 231,
  pages =	 {501--528}
}

@Article{kko96,
  author = 	 {Lambros Kaiktsis and George Em Karniadakis and 
                  Steven A. Orszag},
  title = 	 {Unsteadiness and Convective Instabilities in Two-Dimensional 
                  Flow Over a Backward-Facing Step},
  journal = 	 JFM,
  year = 	 1996,
  volume =	 321,
  pages =	 {157--187}
}

@Article{ggtcwgsg93,
  author = 	 {Phillip M. Gresho and David K. Gartling and J. R. Torczynski
                  and K. A. Cliffe and K. H. Winters and T. J. Garratt and
                  A. Spence and John W. Goodrich},
  title = 	 {Is the Steady Viscous Incompressible Two-Dimensional Flow
                  Over a Backward-Facing Step at $\mbox{\it Re}=800$ Stable?},
  journal = 	 IJNMF,
  year = 	 1993,
  volume =	 17,
  pages =	 {501--541}
}

@Article{km03,
  author = 	 {Lambros Kaiktsis and Peter A. Monkewitz},
  title = 	 {Global Destabilization of Flow Over a
                  Backward-Facing Step},
  journal = 	 PF,
  year = 	 2003,
  volume =	 15,
  number =	 12,
  pages =	 {3647--58}
}

@InCollection{chmi96,
  author = 	 {Danial C. Chan and Rajat Mittal},
  title = 	 {Large-Eddy Simulation of a Backward Facing Step using a
                  Least-Squares Spectral Element Method},
  booktitle = 	 {Proceedings of the Summer Program},
  publisher =	 {Center for Turbulence Research},
  year =	 1996,
  pages =	 {347--358}
}

@InCollection{koy93,
  author = 	 "George E. Karniadakis and Steven A. Orszag
                  and Victor Yakhot",
  title = 	 "Renormalization Group Theory Simulation of Transitional
                  and Turbulent Flow over a Backward-Facing Step",
  booktitle =	 "Large Eddy Simulation of Complex Engineering and
		  Geophysical Flows",
  publisher =	 "Cambridge",
  year =	 1993,
  editor =	 "Boris Galperin and Steven A. Orszag",
  chapter =	 8,
  pages =	 "159--177"
}

@Article{fureby99,
  author = 	 {C. Fureby},
  title = 	 {Large Eddy Simulation of Rearward-Facing Step Flow},
  journal = 	 AIAA,
  year = 	 1999,
  volume =	 37,
  number =	 11,
  pages =	 {1401--1410}
}

@Article{ll94,
  author = 	 {F. S. Lien and M. A. Leschziner},
  title = 	 {Assessment of Turbulence-Transport Models Including 
                  Non-Linear {RNG} Eddy-Viscosity Formulation and
                  Second-Moment Closure for Flow over a Backward-Facing
                  Step},
  journal = 	 CF,
  year = 	 1994,
  volume =	 23,
  number =	 8,
  pages =	 {983--1004}
}


