% $Id$
%%%%%%%%%%%%%%%%%%%%%%%%%%%%%%%%%%%%%%%%%%%%%%%%%%%%%%%%%%%%%%%%%%%%%%%%%%%%%

@Article{tusi01,
  author = 	 {Andrea Tura and Silvio Cavalcanti},
  title = 	 {Numerical Simulation of Flow Oscillations in 
                  Stenotic Arterial Segment},
  journal = 	 CBM,
  year = 	 2001,
  volume =	 31,
  pages =	 {113--131}
}

@Article{sbs02,
  author = 	 {J. S. Stroud and S. A. Berger and D. Saloner},
  title = 	 {Numerical Analysis of Flow Through a Severely Stenotic
                  Carotid Artery Bifurcation},
  journal = 	 JBE,
  year = 	 2002,
  volume =	 124,
  pages =	 {9--20}
}

@Article{gpbvdj96,
  author = 	 {F. J. H. Gijsen and D. E. M. Palmen and M. H. E. van
                  der Beek and F. N. van de Vosse and M. E. H. van Dongen
                  and J. D. Janssen},
  title = 	 {Analysis of the Axial Flow Field in Stenosed Carotid
                  Artery Bifurcation Models\,---\,{LDA} Experiments},
  journal = 	 JB,
  year = 	 1996,
  volume =	 29,
  number =	 11,
  pages =	 {1483--1489}
}

@Article{lxrh01,
  author = 	 {Q. Long and X. Y. Xu and K. V. Ramnarine and P. Hoskins},
  title = 	 {Numerical Investigation of Physiologically Realistic 
                  Pulsatile Flow Through Arterial Stenosis},
  journal = 	 JB,
  year = 	 2001,
  volume =	 34,
  pages =	 {1229--1242}
}

@Article{drz96,
  author = 	 {V. Damodaran and G. W. Rankin and C. Zhang},
  title = 	 {Numerical Study of Steady Laminar Flow Through Tubes
                  with Multiple Constrictions Using Curvilinear Coordinates},
  journal = 	 IJNMF,
  year = 	 1996,
  volume =	 23,
  pages =	 {1021--1041}
}

@Article{tknv77,
  author = 	 {N. Talukder and P. E. Karayannacos and
                  R. M. Nerem and J. S. Vasko},
  title = 	 {An Experimental Study of the Fluid Dynamics of 
                  Multiple Noncritical Stenoses},
  journal = 	 JBE,
  year = 	 1977,
  pages =	 {74--82},
  month =	 {May}
}

@Article{kyh02,
  author = 	 {B. V. Rathish Kumar and 
                  T. Yamaguchi and H. Liu and R. Himeno},
  title = 	 {A {3D} Unsteady Flow Analysis in a Doubly Constricted
                  Arterial Vessel},
  journal = 	 {Biorheology},
  year = 	 2002,
  volume =	 39,
  pages =	 {351--357}
}

@Article{dk89,
  author = 	 {S. C. van Druemel and G. D. C. Kuiken},
  title = 	 {Steady Flow Through a Double Converging-Diverging Tube
                  Model for Mild Coronary Stenoses},
  journal = 	 JBE,
  year = 	 1989,
  volume =	 111,
  pages =	 {212--221}
}

@Article{tarbell03,
  author = 	 {John M. Tarbell},
  title = 	 {Mass Transport in Arteries and the 
                  Localization of Artherosclerosis},
  journal = 	 ARBE,
  year = 	 2003,
  volume =	 5,
  pages =	 {79--118}
}

@Article{woku99,
  author = 	 {David M. Wootton and David N. Ku},
  title = 	 {Fluid Mechanics of Vascular Systems, Diseases,
                  and Thrombosis},
  journal = 	 ARBE,
  year = 	 1999,
  volume =	 1,
  pages =	 {299--329}
}

@Article{grot01,
  author = 	 {James B. Grotberg},
  title = 	 {Respiratory Fluid Mechanics and Transport Processes},
  journal = 	 ARBE,
  year = 	 2001,
  volume =	 3,
  pages =	 {421--457}
}

@Article{zana01,
  author = 	 {Peter W. Zandstra and Andras Nagy},
  title = 	 {Stem Cell Bioengineering},
  journal = 	 ARBE,
  year = 	 2001,
  volume =	 3,
  pages =	 {257--305}
}

@Article{nese01,
  author = 	 {Robert M. Nerem and Dror Seliktar},
  title = 	 {Vascular Tissue Engineering},
  journal = 	 ARBE,
  year = 	 2001,
  volume =	 3,
  pages =	 {225--243}
}

@Article{bmw02,
  author = 	 {David J. Beebe and Glennys A. Mensing and Glenn M. Walker},
  title = 	 {Physics and Applications of Microfluidics in Biology},
  journal = 	 ARBE,
  year = 	 2002,
  volume =	 4,
  pages =	 {261--286}
}

