% $Id$
%%%%%%%%%%%%%%%%%%%%%%%%%%%%%%%%%%%%%%%%%%%%%%%%%%%%%%%%%%%%%%%%%%%%%%%%%%%%%%

@Article{smza98,
  author = 	 {Alexander J. Smits and M. V. Zagarola},
  title = 	 {Response to "Scaling of the Intermediate Region in
                  Wall-Bounded Turbulence: {The} Power Law"
                  [Phys.\ Fluids 10, 1043 (1998)]},
  journal = 	 PoF,
  year = 	 1998,
  volume =	 10,
  number =	 4,
  pages =	 {1045--1046}
}

@Article{bach98,
  author = 	 {G. I. Barenblatt and Alexandre J. Chorin},
  title = 	 {Scaling of the Intermediate Region in Wall-Bounded
                  Turbulence: {The} Power Law},
  journal = 	 PoF,
  year = 	 1998,
  volume =	 10,
  number =	 4,
  pages =	 {1043--1046}
}

@Article{pmj02,
  author = 	 {A. E. Perry and I. Marusic and M. B. Jones},
  title = 	 {On the Streamwise Evolution of Turbulent Boundary Layers
                  in Arbitrary Pressure Gradiants},
  journal = 	 JFM,
  year = 	 2002,
  volume =	 461,
  pages =	 {61--91}
}

@Article{koch02,
  author = 	 {Werner Koch},
  title = 	 {On the Spatio-Temporal Stability of Primary and Secondary
                  Crossflow Vortices in a Three-Dimensional Boundary Layer},
  journal = 	 JFM,
  year = 	 2002,
  volume =	 456,
  pages =	 {85--111}
}

@Article{jip199,
  author = 	 {Javier Jim{\'{e}}nez and Alfredo Pinelli},
  title = 	 {The Autonomous Cycle of Near-Wall Turbulence},
  journal = 	 JFM,
  year = 	 1999,
  volume =	 389,
  pages =	 {335--359}
}

@Article{jisi01,
  author = 	 {Javier Jim{\'{e}}nez and Mark P. Simens},
  title = 	 {Low-Dimensional Dynamics of a Turbulent Wall Flow},
  journal = 	 JFM,
  year = 	 2001,
  volume =	 435,
  pages =	 {81--91}
}

@Article{zps97,
  author = 	 {M. V. Zagarola and A. E. Perry and A. J. Smits},
  title = 	 {Log Laws or Power Laws: The Scaling in the Overlap Region},
  journal = 	 PoF,
  year = 	 1997,
  volume =	 9,
  number =	 7,
  pages =	 {2094--2100}
}

@Article{fdj01,
  author = 	 {M. Fischer and J. Jovanovi{\'{c}} and F. Durst},
  title = 	 {Reynolds Number Effects
                  in the Near-Wall Region of Turbulent Channel Flows},
  journal = 	 PoF,
  year = 	 2001,
  volume =	 13,
  number =	 6,
  pages =	 {1755--1767}
}

@Article{mkm99,
  author = 	 {Robert D. Moser and John Kim and Nagi N. Mansour},
  title = 	 {Direct Numerical Simulation of Turbulent Channel Flow
                  up to {$\mbox{\it Re}_\tau=590$}},
  journal = 	 PoF,
  year = 	 1999,
  volume =	 11,
  number =	 4,
  pages =	 {943--945}
}

@Article{amt00,
  author = 	 {R. J. Adrian and C. D. Meinhart and C. D. Tomkins},
  title = 	 {Vortex Organization in the Outer Region of the 
                  Turbulent Boundary Layer},
  journal = 	 JFM,
  year = 	 2000,
  volume =	 422,
  pages =	 {1--54}
}

@Article{bm83,
  author = 	 "P. W. Bearman and T. Morel",
  title = 	 "Effect of Free Stream Turbulence on the Flow Around
		  Bluff Bodies",
  journal =	 PAS,
  year =	 1983,
  volume =	 20,
  pages =	 "97--123"
}

@Article{bulor87,
  author = 	 {Edward T. Bullister and Steven A. Orszag},
  title = 	 {Numerical Simulation of Turbulent Spots in Channel
                  and Boundary Layer Flows},
  journal = 	 JSC,
  year = 	 1987,
  volume =	 2,
  number =	 3,
  pages =	 {263--281}
}

@Article{chuk93,
  author = 	 {Douglas Chu and George Em Karniadakis},
  title = 	 {A Direct Numerical Simulation of Laminar and Turbulent
                  Flow Over Riblets},
  journal = 	 JFM,
  year = 	 1993,
  volume =	 250,
  pages =	 {1--42}
}

@Article{euwwafn94,
  author = 	 {J. G. M. Eggels and F. Unger and M. H. Weiss and
                  J. Westerweel and R. J. Adrian and R. Friedrich and
                  F. T. M. Nieuwstadt},
  title = 	 {Fully Developed Turbulent Pipe Flow: A Comparison
                  Between Direct Numerical Simulation and Experiment},
  journal = 	 JFM,
  year = 	 1994,
  volume =	 268,
  pages =	 {175--209}
}

@Article{gln95,
  author = 	 "M. Garc{\'{i}}a and F. L{\'{o}}pez and Y. Ni{\~{n}}o",
  title = 	 "Characterization of Near-Bed Coherent Structures in
		  Turbulent Open Channel Flow Using Synchronized
		  High-Speed Video and Hot-Film Measurements",
  journal =	 EF,
  year =	 1995,
  volume =	 19,
  pages =	 "16--28"
}

@Article{her88,
  author = 	 "Thorwald Herbert",
  title = 	 "Secondary Instability of Boundary Layers",
  journal =	 ARFM,
  year =	 1988,
  volume =	 20,
  pages =	 "487--526"
}

@Article{kk95,
  author = 	 "T. D. Karapantsios and A. J. Karabelas",
  title = 	 "Longitudinal Charactersitics of Wavy Falling Films",
  journal =	 IJMF,
  year =	 1995,
  volume =	 21,
  number =	 1,
  pages =	 "119--127"
}

@Article{laro83,
  author = 	 {B. E. Launder and W. Rodi},
  title = 	 {The Turbulent Wall Jet---Measurements and Modeling},
  journal = 	 ARFM,
  year = 	 1983,
  volume =	 15,
  pages =	 {429--459}
}
 
@InCollection{lig63,
  author = 	 "M. J. Lighthill",
  title = 	 "Introduction. {Boundary} {Layer} {Theory}",
  booktitle = 	 "Laminar Boundary Layers",
  publisher =	 "Oxford University Press",
  year =	 1963,
  editor =	 "L. Rosenhead",
  chapter =      2,
  pages = 	 "46--103"
}

@Article{lps96,
  author = 	 {Junhui Liu and Ugo Piomelli and Phillipe R. Spalart},
  title = 	 {Interaction Between a Spatially Growing Turbulent
                  Boundary Layer and Embedded Streamwise Vortices.},
  journal = 	 JFM,
  year = 	 1996,
  volume =	 326,
  pages =	 {151--179}
}

@InProceedings{mor84a,
  author = 	 "B. R. Morton",
  title = 	 "Vorticity Generation at Boundaries and the Finite
		  Lifting Aerofoil",
  year =	 1984
}

@Article{mor84b,
  author = 	 "B. R. Morton",
  title = 	 "The Generation and Decay of Vorticity",
  journal =	 "Geophys.\ Astrophys.\ Fluid Dyn.",
  year =	 1984,
  volume =	 28,
  pages =	 "277--308"
}

@InProceedings{morel86,
  author = 	 {B. R. Morton and J. L. Evans-Lopez},
  title = 	 {Horseshoe Vortices and Bridge Pier Erosion},
  booktitle = 	 {9th Australasian Fluid Mechanics Conference},
  pages =	 {256--259},
  year =	 1986,
  address =	 {Auckland}
}

@Article{mwm95,
  author = 	 "A. J. Minson and C. J. Wood and R. E. Belcher",
  title = 	 "Experimental Velocity Measurements for {CFD} Validation",
  journal =	 JWEIA,
  year =	 1995,
  volume =	 58,
  pages =	 "205--215"
}

@InProceedings{thoho92,
  author = 	 {Mark C. Thompson and Kerry Hourigan},
  title = 	 {Prediction of Vortex Junction Flow Upstream of a Surface
                  Mounted Obstacle},
  booktitle = 	 {11th Australasian Fluid Mechanics Conference},
  pages =	 {111--114},
  year =	 1992,
  volume =	 1,
  address =	 {Hobart}
}

@Article{toon97,
  author = 	 {J. M. J. den Toonder and F. T. M. Nieuwstadt},
  title = 	 {Reynolds Number Effects in a Turbulent Pipe Flow for Low 
                  to Moderate {Re}},
  journal = 	 PoF,
  year = 	 1997,
  volume =	 9,
  number =	 11,
  pages =	 {3398--3409}
}

@Article{wil75,
  author = 	 "W. W. Willmarth",
  title = 	 "Structure of Turbulence in Boundary Layers",
  journal =	 AAM,
  year =	 1975,
  pages =	 "159--254"
}

@Article{trima02,
  author = 	 {Alain Triboix and Daniel Marchal},
  title = 	 {Stability Analysis of the Mechanism of
                  Jet Attachment to Walls},
  journal = 	 IJHMT,
  year = 	 2002,
  volume =	 45,
  pages =	 {2769--2775}
}

@Article{mmjs04,
  author = 	 {J. F. Morrison and B. J. McKeon and W. Jiang
                  and A. J. Smits},
  title = 	 {Scaling of the Streamwise Velocity Component in 
                  Turbulent Pipe Flow},
  journal = 	 JFM,
  year = 	 2004,
  volume =	 508,
  pages =	 {99--131}
}


@Article{jaf04,
  author = 	 {J. Jim{\'{e}}nez and J. C. Del {\'{A}}lamo and O. Flores},
  title = 	 {The Large-Scale Dynamics of Near-Wall Turbulence},
  journal = 	 JFM,
  year = 	 2004,
  volume =	 505,
  pages =	 {179--199}
}

@Article{mtn02,
  author = 	 {Y. Miyake and K. Tsujimotot and N. Nagai},
  title = 	 {Numerical Simulation of Channel Flow with a
                  Rib-Roughened Wall},
  journal = 	 JoT,
  year = 	 2002,
  number =	 {1468-5248/02/000001+17}
}

