% $Id$
%%%%%%%%%%%%%%%%%%%%%%%%%%%%%%%%%%%%%%%%%%%%%%%%%%%%%%%%%%%%%%%%%%%%%%%%%%%%%%%

@Book{abarbanel93,
  author = 	 {H. D. I. Abarbanel and M. I. Rabinovich and
                  M. M. Sushchik},
  title = 	 {Introduction to Nonlinear Dynamics for Physicists},
  publisher = 	 {World Scientific},
  year = 	 1993,
  address =	 {Singapore}
}

@Book{abarbanel96,
  author = 	 {Henry D. I. Abarbanel},
  title = 	 {Analysis of Observed Chaotic Data},
  publisher = 	 {Springer},
  year = 	 1996,
  address =	 {Berlin}
}

@Book{abbott49,
  author =	 {I. H. Abbott and A. E. von Doenhoff},
  title = 	 {Theory of Wing Sections},
  publisher = 	 {McGraw-Hill},
  year = 	 1949,
  note =	 {Dover edition, 1959}
}

@Book{abzug02,
  author =	 {M. J. Abzug and E. E. Larrabee},
  title = 	 {Airplane Stability and Control},
  publisher = 	 CUP,
  year = 	 2002,
  edition =	 {2nd}
}

@Book{ainsworth99,
  author =	 {M. Ainsworth and J. Levesley and M. Marletta},
  title = 	 {The Graduate Student's Guide to Numerical Analysis '98},
  publisher = 	 {Springer},
  year = 	 1999,
  volume =	 26,
  series =	 {Computational Mathematics}
}

@Book{akin82,
  author = 	 "J. E. Akin",
  title = 	 "Application and Implementation of Finite Element Methods",
  publisher = 	 "Academic Press",
  year = 	 1982
}

@Book{aldama90,
  author = 	 {A. A. Aldama},
  title = 	 {Filtering Techniques for Turbulent Flow Simulation},
  publisher = 	 {Springer},
  year = 	 1990,
  volume =	 56,
  series =	 {Lecture Notes in Engineering},
  address =	 {Berlin}
}

@Book{anderson95,
  author = 	 "J. D. Anderson, Jr.",
  title = 	 "Computational Fluid Dynamics: The Basics with Applications",
  publisher = 	 "McGraw-Hill",
  year = 	 1995
}

@Book{anderson98,
  author =	 {J. D. Anderson. Jr},
  title = 	 {A History of Aerodynamics},
  publisher = 	 CUP,
  year = 	 1998
}

@Book{anderson99,
  author =	 {J. D. Anderson, Jr},
  title = 	 {Aircraft Performance and Design},
  publisher = 	 {McGraw-Hill},
  year = 	 1999
}

@Book{anderson02,
  author =	 {J. D. Anderson},
  title = 	 {The Airplane, a History of its Technology},
  publisher = 	 {AIAA},
  year = 	 2002
}

@Book{anderson05,
  author =	 {J. D. Anderson, Jr},
  title = 	 {Introduction to Flight},
  publisher = 	 {McGraw-Hill},
  year = 	 2005,
  edition =	 {5th}
}

@Book{anderson99,
  author =	 {E. Anderson and Z. Bai and C. Bischof and S. Blackford
                  and J. Demmel and J. Dongarra and J. Du Croz and
                  A. Greenbaum and S. Hammarling and A. McKenney
                  and D. Sorensen},
  title = 	 {LAPACK User's Guide},
  publisher = 	 {SIAM},
  year = 	 1999,
  edition =	 {3rd}
}

@Book{aris62,
  author =	 {R. Aris},
  title = 	 {Vectors, Tensors, and the 
                  Basic Equations of Fluid Mechanics},
  publisher = 	 {Prentice-Hall},
  year = 	 1962,
  note =	 {{Dover} edition, 1989}
}

@Book{arnold73,
  author =	 {V. I. Arnold},
  title = 	 {Ordinary Differential Equations},
  publisher = 	 {MIT Press},
  year = 	 1973,
}

@Book{arnold88,
  author =	 {V. I. Arnold},
  title = 	 {Geometrical Methods in the Theory of 
                  Ordinary Differential Equations},
  publisher = 	 {Springer},
  year = 	 1988,
  series =       {Grundlehren der Mathematischen Wissenschaften},
  edition =      {2nd},
  volume =       250
}

@Book{ashby05,
  author =	 {M. F. Ashby},
  title = 	 {Materials Selection in Engineering Design},
  publisher = 	 {Elsevier},
  year = 	 2005,
  edition =	 {3rd}
}

@Book{ashley74,
  author = 	 {H. Ashley},
  title = 	 {Engineering Analysis of Flight Vehicles},
  publisher = 	 {Addison-Wesley},
  year = 	 1974,
  note = 	 {Dover edition, 2012}}

@Book{ashley65,
  author =	 {H. Ashley and M. Landahl},
  title = 	 {Aerodynamics of Wings and Bodies},
  publisher = 	 {Addison-Wesley},
  year = 	 1965,
  note =	 {Dover edition, 1985}
}

@Book{asselin97,
  author = 	 {M. Asselin},
  title = 	 {An Introduction to Aircraft Performance},
  publisher = 	 {AIAA},
  year = 	 1997}

@Book{bagnold41,
  author = 	 {R. A. Bagnold},
  title = 	 {The Physics of Blown Sand and Dunes},
  publisher = 	 {Meuthuen \& Co.},
  year = 	 1941,
  address =	 {London}
}

@Book{baker83,
  author = 	 "A. J. Baker",
  title = 	 "Finite Element Computational Fluid Mechanics",
  publisher = 	 "Hemisphere",
  year = 	 1983
}

@Book{barenblatt96,
  author = 	 {G. I. Barenblatt},
  title = 	 {Scaling, Self-Similarity, and Intermediate Asymptotics},
  publisher = 	 CUP,
  year = 	 1997
}

@Book{barenblatt03,
  author =	 {G. I. Barenblatt},
  title = 	 {Scaling},
  publisher =    CUP,
  year = 	 2003
}

@Book{barnard89,
  author =	 {R. H. Barnard and D. R. Philpott},
  title = 	 {Aircraft Flight},
  publisher = 	 {Longman},
  year = 	 1989
}

@Book{barth99,
  editor =	 {T. J. Barth and H. Deconick},
  title = 	 {High-Order Methods for Computational Physics},
  publisher = 	 {Springer},
  year = 	 1999,
  address =	 {Berlin}
}

@Book{batchelor53,
  author = 	 "G. K. Batchelor",
  title = 	 "The Theory of Homogeneous Turbulence",
  publisher = 	 CUP,
  year = 	 1953
}

@Book{batchelor67,
  author = 	 "G. K. Batchelor",
  title = 	 "An Introduction to Fluid Dynamics",
  publisher = 	 CUP,
  year = 	 1967
}

@Book{batchelor00,
  editor =	 {G. K. Batchelor and H. K. Moffat and M. G. Worster},
  title = 	 {Perspectives in Fluid Dynamics},
  publisher = 	 CUP,
  year = 	 2000
}

@Book{bayvel93,
  author =	 {L. Bayvel and Z. Orzechowski},
  title = 	 {Liquid Atomization},
  publisher = 	 {Taylor and Francis},
  year = 	 1993,
  address =	 {Washington, DC}
}

@Book{bejan84,
  author =	 {A. Bejan},
  title = 	 {Convection Heat Transfer},
  publisher = 	 {Wiley},
  year = 	 1984,
  address =	 {New York}
}

@Book{bellanger87,
  author = 	 "M. Bellanger",
  title = 	 "Adaptive Digital Filters and Signal Analysis",
  publisher = 	 "Marcel Dekker",
  year = 	 1987
}

@Book{bellanger89,
  author = 	 "M. Bellanger",
  title = 	 "Digital Processing of Signals: Theory and Practice",
  publisher = 	 "Wiley",
  year = 	 1989,
  edition =	 "2nd"
}

@Book{bendat71,
  author = 	 "J. S. Bendat and A. G. Piersol",
  title = 	 "Random Data: Analysis and Measurement Procedures",
  publisher = 	 "Wiley-Interscience",
  year = 	 1971
}

@Book{bendat80,
  author = 	 "J. S. Bendat and A. G. Piersol",
  title = 	 "Engineering Applications of Correlation and Spectral
		  Analysis",
  publisher = 	 "Wiley-Interscience",
  year = 	 1980
}

@Book{berger95,
  editor =	 {S. A. Berger and W. Goldsmith and E. R. Lewis},
  title = 	 {Introduction to Bioengineering},
  publisher = 	 {OUP},
  year = 	 1995
}

@Book{bertin09,
  author =	 {J. J. Bertin and R. M. Cummings},
  title = 	 {Aerodynamics for Engineers},
  publisher = 	 {Pearson Prentice-Hall},
  year = 	 2009,
  edition =	 {5th}
}

@Book{bird62,
  author =	 {R. B. Bird and W. E. Stewart and E. N. Lightfoot},
  title = 	 {Transport Phenomena},
  publisher = 	 {Wiley},
  year = 	 1962,
  note =	 {Second printing}
}

@Book{billingham00,
  author =	 {J. Billingham and A. C. King},
  title = 	 {Wave Motion},
  publisher = 	 CUP,
  year = 	 2000
}

@Book{bisplinghoff62,
  author =	 {R. L. Bisplinghoff and H. Ashley},
  title = 	 {Principles of Aeroelasticity},
  publisher = 	 {Wiley},
  year = 	 1962,
  note =	 {{Dover} edition, 1975}
}

@Book{bluman89,
  author = 	 "G. W. Bluman and S. Kumei",
  title = 	 "Symmetries and Differential Equations",
  publisher = 	 "Springer",
  year = 	 1989,
  volume =	 81,
  series =	 "Appl.\ Math.\ Sci."
}

@Book{bowers90,
  author =	 {P. M. Bowers},
  title = 	 {Unconventional Aircraft},
  publisher = 	 {TAB},
  year = 	 1990,
  edition =	 {2nd}
}

@Book{boyd01,
  author =	 {J. P. Boyd},
  title = 	 {Chebyshev and Fourier Spectral Methods},
  publisher = 	 {Dover},
  year = 	 2001,
  address =	 {New York},
  edition =	 {2nd}
}

@Book{bradshaw71,
  author = 	 {P. Bradshaw},
  title = 	 {An Introduction to Turbulence and its Measurement},
  publisher = 	 {Pergamon},
  year = 	 {1971},
}

@Book{brandt04,
  author =	 {S. A. Brandt and R. J. Stiles and J. J. Bertin
                  and R. Whitford},
  title = 	 {Introduction to Aeronautics: A Design Perspective},
  publisher = 	 {AIAA},
  year = 	 2004,
  edition =	 {2nd}
}

@Book{briggs87,
  author = 	 {W. L. Briggs},
  title = 	 {A Multigrid Tutorial},
  publisher = 	 {SIAM},
  year = 	 1987,
  address =	 {Pennsylvania}
}

@Book{brodkey67,
  author =	 {R. S. Brodkey},
  title = 	 {The Phenomena of Fluid Motions},
  publisher = 	 {Addison--Wesley},
  year = 	 1967,
  series =	 {Reading, MA},
  note =	 {Dover edition, 1995}
}

@Book{buresti12,
  author = 	 {G. Buresti},
  title = 	 {Elements of Fluid Dynamics},
  publisher = 	 {Imperial College Press},
  year = 	 2012}

@Book{busse98,
  editor =	 {F. H. Busse and S. C. M{\"{u}}ller},
  title = 	 {Evolution of Spontaneous Structures in
                  Dissipative Continuous Systems},
  publisher = 	 {Springer},
  year = 	 1998,
  volume =	 55,
  series =	 {Lecture Notes in Physics},
  address =	 {Berlin}
}

@Book{canuto88,
  author = 	 "C. Canuto and M. Y. Hussaini and A.
		  Quarteroni and T. A. Zang",
  title = 	 "Spectral Methods in Fluid Dynamics",
  publisher = 	 "Springer",
  address =      "Berlin",
  year = 	 1988,
  note =         "2nd printing"
}

@Book{canuto06,
  author =	 {C. Canuto and M. Y. Hussaini and 
                  A. Quarteroni and T. A. Zang},
  title = 	 {Spectral Methods: Fundamentals in Single Domains},
  publisher = 	 {Springer},
  year = 	 2006
}

@Book{canuto07,
  author = 	 {C. Canuto and M. Y. Hussaini and 
                  A. Quarteroni and T. A. Zang},
  title = 	 {Spectral Methods: Evolution to Complex Geometries and 
                  Applications in Fluid Dynamics},
  publisher = 	 {Springer},
  year = 	 2007}

@Book{carey83,
  author = 	 "G. F. Carey and J. T. Oden",
  title = 	 "Finite Elements: A Second Course",
  publisher = 	 "Prentice-Hall",
  address =      "New Jersey",
  year = 	 1983,
  volume =	 "II"
}

@Book{carey84,
  author = 	 "G. F. Carey and J. T. Oden",
  title = 	 "Finite Elements: Computational Aspects",
  publisher = 	 "Prentice-Hall",
  address =      "New Jersey",
  year = 	 1984,
  volume =	 "III"
}

@Book{carey86,
  author = 	 "G. F. Carey and J. T. Oden",
  title = 	 "Finite Elements: Fluid Mechanics",
  publisher = 	 "Prentice-Hall",
  address =      "New Jersey",
  year = 	 1984,
  volume =	 "IV"
}

@Book{carichner13,
  author = 	 {G. E. Carichner and L. M. Nicolai: 
                  Airship Design and Case Studies},
  title = 	 {Fundamentals of Aircraft and Airship Design},
  publisher = 	 {AIAA},
  year = 	 2010,
  volume = 	 2}

@Book{cebeci04,
  author =	 {T. Cebeci},
  title = 	 {Stability and Transition: Theory and Application},
  publisher = 	 {Springer},
  year = 	 2004
}

@Book{cebeci05,
  author = 	 {T. Cebeci and J. P. Shao and F. Kafyeke and E. Laurendeau},
  title = 	 {Computational Fluid Dynamics for Engineers: 
                  From Panel to Navier--Stokes Methods with Computer Programs},
  publisher = 	 {Springer},
  year = 	 2005}

@Manual{cfx42,
  title = 	 {CFX-4.2: Solver},
  author =       {{AEA Technology}},
  organization = {AEA Technology plc},
  address =	 {United Kingdom},
  year =	 1997
}

@Manual{cfx44,
  title = 	 {CFX-4.4: Solver},
  author =       {{AEA Technology}},
  organization = {AEA Technology plc},
  address =	 {United Kingdom},
  year =	 1999
}

@Book{chabra92,
  author = 	 "R. B. Chabra",
  title = 	 "Bubbles, Drops, and Particles in Non-{Newtonian} Fluids",
  publisher = 	 "CRC Press",
  year = 	 1992
}

@Book{chevray93,
  author = 	 "R. Chevray and J. Matheiu",
  title = 	 "Topics in Fluid Mechanics",
  publisher = 	 CUP,
  year = 	 1993
}

@Book{chossat94,
  author = 	 "P. Chossat and G. Iooss",
  title = 	 "The {Couette}--{Taylor} Problem",
  publisher = 	 "Springer",
  year = 	 1994
}

@Book{chossat00,
  author =	 {P. Chossat and R. Lauterbach},
  title = 	 {Methods in Equivariant Bifurcations and Dynamical Systems},
  publisher = 	 {World Scientific},
  year = 	 2000
}

@Book{chow59,
  author =	 {V. T. Chow},
  title = 	 {Open-Channel Hydraulics},
  publisher = 	 {McGraw--Hill},
  year = 	 1959
}

@Book{clift78,
  author = 	 "R. Clift and J. R. Grace and M. E. Weber",
  title = 	 "Bubbles, Drops, and Particles",
  publisher = 	 "Academic Press",
  year = 	 1978
}

@Book{cockburn00,
  editor =	 {B. Cockburn and G. E. Karniadakis and C.-W. Shu},
  title = 	 {Discontinous {Galerkin} Methods: Theory, Computations
                  and Applications},
  publisher = 	 {Springer},
  year = 	 2000,
  volume =	 11,
  series =	 {Lecture Notes in Computational Science and Engineering}
}

@Book{corke03,
  author =	 {T. C. Corke},
  title = 	 {Design of Aircraft},
  publisher = 	 {Prentice-Hall},
  year = 	 2003
}

@Book{cox65,
  author =	 {R. N. Cox and L. F. Crabtree},
  title = 	 {Elements of Supersonic Aerodynamics},
  publisher = 	 {The English Universities Press Ltd},
  year = 	 1965
}

@Book{crook05,
  editor =	 {G. Crook and M. Horlor},
  title = 	 {The Jet Engine},
  publisher = 	 {Rolls-Royce plc},
  year = 	 2005
}

@Book{cumpsty03,
  author =	 {N. Cumpsty},
  title = 	 {Jet Propulsion},
  publisher = 	 CUP,
  year = 	 2003,
  edition =	 {2nd}
}

@Book{cushmanroisin94,
  author =	 {B. Cushman-Roisin},
  title = 	 {Introduction to Geophysical Fluid Dynamics},
  publisher = 	 {Prentice-Hall},
  year = 	 1994
}

@Book{cussler97,
  author =	 {E. L. Cussler},
  title = 	 {Diffusion: Mass Transfer in Fluid Systems},
  publisher = 	 CUP,
  year = 	 1997,
  edition =	 {2nd}
}

@Book{cutler05,
  author =	 {J. Cutler and J. Liber},
  title = 	 {Understanding Aircraft Structures},
  publisher = 	 {Blackwell},
  year = 	 2005,
  edition =	 {4th}
}

@Book{dahlquist74,
  author =	 {G. Dahlquist and {\AA}. Bj{\"{o}}rck},
  title = 	 {Numerical Methods},
  publisher = 	 {Prentice-Hall},
  year = 	 1974,
  note =	 {{Dover} edition, 2003}
}

@Book{danielson92,
  author =	 {D. A. Danielson},
  title = 	 {Vectors and Tensors in Engineering and Physics},
  publisher = 	 {Addison-Wesley},
  year = 	 1992
}

@Book{davidson01,
  author =	 {P. A. Davidson},
  title = 	 {An Introduction to Magnetohydrodynamics},
  publisher = 	 CUP,
  year = 	 2001
}

@Book{davis79,
  author =	 {P. J. Davis},
  title = 	 {Circulant Matrices},
  publisher = 	 {Wiley},
  year = 	 1979,
  address =	 {New York}
}

@book{deville02,
  author =	 {M. O. Deville and P. F. Fischer and E. H. Mund},
  title = 	 {High-Order Methods for Incompressible Fluid Flow},
  publisher = 	 CUP,
  year = 	 2002
}

@Book{dowling07,
  author =	 {N. E. Dowling},
  title = 	 {Mechanical Behavior of Materials},
  publisher = 	 {Pearson Prentice-Hall},
  year = 	 2007,
  edition =	 {3rd}
}

@Book{dowell89,
  author = 	 "Dowell, E, H. and Curtis, Jr., H, C. and
		  Scanlan, R. H. and Sisto, F.",
  title = 	 "A Modern Course in Aeroelasticity",
  publisher = 	 "Kluwer",
  year = 	 1989,
  edition =	 "2nd"
}

@Book{drazin81,
  author =	 {P. G. Drazin and W. H. Reid},
  title = 	 {Hydrodynamic Stability},
  publisher = 	 CUP,
  year = 	 1981
}

@Book{drazin92,
  author = 	 {P. G. Drazin},
  title = 	 {Nonlinear Systems},
  publisher = 	 CUP,
  year = 	 1992
}

@Book{drazin02,
  author =	 {P. G. Drazin},
  title = 	 {Introduction to Hydrodynamic Instability},
  publisher = 	 CUP,
  year = 	 2002
}

@Book{dullerud00,
  author =	 {G. E. Dullerud and F. Paganini},
  title = 	 {A Course in Robust Control Theory: A Convex Approach},
  publisher = 	 {Springer},
  year = 	 2000,
  volume =	 36,
  series =	 {Texts in Applied Mathematics}
}

@Book{eppler90,
  author = 	 {Richard Eppler},
  title = 	 {Airfoil Design and Data},
  publisher = 	 {Springer},
  year = 	 1990}

@Book{eriksson97,
  author =	 {Eriksson, K. and Estep, D. and Hansbo, P. and Johnson, C.},
  title = 	 {Computational Differential Equations},
  publisher = 	 CUP,
  year = 	 1997
}

@Book{etkin72,
  author =	 {B. Etkin},
  title = 	 {Dynamics of Atmospheric Flight},
  publisher = 	 {Wiley},
  year = 	 1972,
  note =	 {Dover edition 2000}
}

@Book{etkin96,
  author =	 {B. Etkin and L. D. Reid},
  title = 	 {Dynamics of Flight: Stability and Control},
  publisher = 	 {Wiley},
  year = 	 1996,
  edition =	 {3rd}
}

@Book{fan98,
  author =	 {L-S. Fan and C. Zhu},
  title = 	 {Principles of Gas--Solid Flow},
  publisher = 	 CUP,
  year = 	 1998
}

@Book{fayot97,
  editor =	 {M. E. Fayed and L. Otten},
  title = 	 {Handbook of Powder Science and Technology},
  publisher = 	 {Chapman and Hall},
  year = 	 1997,
  edition =	 {2nd}
}

@Book{ferziger96,
  author = 	 {J. H. Ferziger and M. Peri{\'{c}}},
  title = 	 {Computational Methods for Fluid Dynamics},
  publisher = 	 {Springer},
  year = 	 1996,
  address =	 {Berlin}
}

@Book{feynman67,
  author =	 {R. P. Feynman},
  title = 	 {The Character of Physical Law},
  publisher = 	 {MIT Press},
  year = 	 1967
}

@Book{fielding99,
  author =	 {John P. Fielding},
  title = 	 {Introduction to Aircraft Design},
  publisher = 	 CUP,
  year = 	 1999
}

@book{flabel86,
  author =	 {J.-C. Flabel},
  title = 	 {Practical Stress Analysis for Design Engineers},
  publisher = 	 {Lake City Publishing},
  year = 	 1986
}

@Book{fornberg96,
  author =	 {B. Fornberg},
  title = 	 {A Practical Guide to Pseudospectral Methods},
  publisher = 	 CUP,
  year = 	 1996
}

@Book{fraleigh03,
  editor =	 {J. B. Fraleigh},
  title = 	 {A First Course in Abstract Algebra},
  publisher = 	 {Addison-Wesley},
  year = 	 2003,
  edition =	 {7th}
}

@Book{friedland86,
  author = 	 {B. Friedland},
  title = 	 {Control System Design: An Introduction to State-Space
                  Methods},
  publisher = 	 {McGraw-Hill},
  year = 	 1984,
  note = 	 {Dover edition, 2005}}

@Book{funaro97,
  author = 	 {D. Funaro},
  title = 	 {Spectral Elements for Transport-Dominated Equations},
  publisher = 	 {Springer},
  year = 	 1997,
  volume =	 1,
  series =	 {Lecture Notes in Computational Science and Engineering},
  address =	 {Berlin}
}

@Book{fung55,
  author =	 {Y. C. Fung},
  title = 	 {An Introduction to the Theory of Aeroelasticity},
  publisher = 	 {Wiley},
  year = 	 1955,
  note =	 {{Dover} editions 1969, 1993}
}

@Book{fung69,
  author =	 {Y. C. Fung},
  title = 	 {A  First Course in Continuum Mechanics},
  publisher = 	 {Prentice-Hall},
  year = 	 1969
}

@Book{fung90,
  author =	 {Y. C. Fung},
  title = 	 {Biomechanics: Motion, Flow, Stress, and Growth},
  publisher = 	 {Springer},
  year = 	 1990
}

@Book{fung97,
  author =	 {Y. C. Fung},
  title = 	 {Biomechanics: Circulation},
  publisher = 	 {Springer},
  year = 	 1997,
  edition =	 {2nd}
}

@Book{ganong99,
  author =	 {W. F. Ganong},
  title = 	 {Review of Medical Physiology},
  publisher = 	 {Appleton \& Lange},
  year = 	 1999,
  edition =	 {19th}
}

@Book{gatski96,
  author = 	 {Gatski, T. B. and Hussaini, M. Y. and Lumley, J. L.},
  title = 	 {Simulation and Modeling of Turbulent Flows},
  publisher = 	 OUP,
  year = 	 1996}

@Book{gear71,
  author = 	 {C. W. Gear},
  title = 	 {Numerical Initial Value Problems in Ordinary Differential
                  Equations},
  publisher = 	 {Prentice-Hall},
  year = 	 1971,
  address =	 {New Jersey}
}

@Book{george81,
  author = 	 "A. George and J. W-H. Liu",
  title = 	 "Computer Solution of Large Sparse Positive Definite
		  Systems",
  publisher = 	 "Prentice--Hall",
  year = 	 1981
}

@Book{giddings91,
  author =	 {J. C. Giddings},
  title = 	 {Unified Separation Science},
  publisher = 	 {Wiley-Interscience},
  year = 	 1991,
  address =	 {New York}
}

@Book{gilmore81,
  author = 	 "R. Gilmore",
  title = 	 "Catastrophe Theory for Scientists and Engineers",
  publisher = 	 "Wiley",
  year = 	 1981,
  note =	 "Dover Edition, 1993"
}

@Book{glendinning94,
  author = 	 "P. Glendinning",
  title = 	 "Stability, Instability and Chaos: An Introduction to
		  The Theory of Nonlinear Differential Equations",
  publisher = 	 CUP,
  year = 	 1994
}

@Book{golub96,
  author =	 {G. H. Golub and C. F. Van Loan},
  title = 	 {Matrix Computations},
  publisher = 	 {Johns Hopkins University Press},
  year = 	 1996,
  edition =	 {3rd}
}

@Book{godreche98,
  author =	 {Godreche, G. and Manneville, P.},
  title = 	 {Hydrodynamics and Nonlinear Instabilities},
  publisher = 	 CUP,
  year = 	 1998
}

@Book{gottlieb77,
  author = 	 "D. Gottlieb and S. A. Orszag",
  title = 	 "Numerical Analysis of Spectral Methods: Theory and
		  Applications",
  publisher = 	 "SIAM",
  year = 	 1977
}

@Book{golubitsky88a,
  author =	 {M. Golubitsky and D. G. Schaeffer},
  title = 	 {Singularities and Groups in Bifurcation Theory},
  publisher = 	 {Springer},
  year = 	 1985,
  volume =	 {I},
  number =	 51,
  series =	 {Appl.\ Math.\ Sci.}
}

@Book{golubitsky88b,
  author =	 {M. Golubitsky and I. Stewart and D. G. Schaeffer},
  title = 	 {Singularities and Groups in Bifurcation Theory},
  publisher = 	 {Springer},
  year = 	 1988,
  volume =	 {II},
  number =	 69,
  series =	 {Appl.\ Math.\ Sci.}
}

@Book{golubitsky99,
  editor =	 {M. Golubitsky and D. Luss and S. H. Strogatz},
  title = 	 {Pattern Formation in Continuous and Coupled Systems},
  publisher = 	 {Springer},
  year = 	 1999,
  address =	 {Berlin},
  series =       {IMA Volumes in Mathematics and its Applications},
  volume =       115
}

@Book{golubitsky02,
  author =	 {M. Golubitsky and I. Stewart},
  title = 	 {The Symmetry Perspective: From Equilbrium to Chaos 
                  in Phase Space and Physical Space},
  publisher = 	 {Birkh{\"{a}}user},
  year = 	 2002,
  address =	 {Basel}
}

@Book{grant95,
  author =	 {D. W. Grant},
  title = 	 {Capillary Gas Chromatography},
  publisher = 	 {Wiley},
  year = 	 1995,
  address =	 {Chichester}
}

@Book{greenspan68,
  author =	 {H. P. Greenspan},
  title = 	 {The Theory of Rotating Fluids},
  publisher = 	 CUP,
  year = 	 1968
}

@Book{gropp94,
  author =	 {W. Gropp and E. Lusk and A. Skjellum},
  title = 	 {Using {MPI}: {Portable} Parallel Programming with the
                  {Message}-{Passing} {Interface}},
  publisher = 	 {MIT Press},
  year = 	 1994
}

@Book{guckenheimer86,
  author = 	 "J. Guckenheimer and P. Holmes",
  title = 	 "Nonlinear Oscillations, Dynamical Systems, and
		  Bifurcations of Vector Fields",
  publisher = 	 "Springer",
  year = 	 1986,
  volume =	 42,
  series =	 "Appl.\ Math.\ Sci.",
  note = 	 "2nd print."
}

@Book{gunston62,
  author =	 {W. T. Gunston},
  title = 	 {Flight Handbook: The Theory and Practice of Powered Flight},
  publisher = 	 {Iliffe},
  year = 	 1962
}

@Book{gunzberger89,
  author = 	 "M. D. Gunzburger",
  title = 	 "Finite Element Methods for Incompressible Viscous Flows",
  publisher = 	 "Academic Press",
  year = 	 1989
}

@Book{gunzberger00,
  author = 	 {M. D. Gunzburger},
  title = 	 {Perspectives in Flow Control and Optimization},
  publisher = 	 {SIAM},
  year = 	 2000}

@Book{haberman87,
  author =	 {R. Haberman},
  title = 	 {Elementary Applied Partial Differential Equations},
  publisher = 	 {Prentice-Hall},
  year = 	 1987,
  edition =	 {2nd}
}

@Book{henne90,
  editor =	 {P. A. Henne},
  title = 	 {Applied Computational Aerodynamics},
  publisher = 	 {AIAA},
  year = 	 1990
}

@Book{hetsroni82,
  author = 	 "G. Hetsroni",
  title = 	 "Handbook of Multiphase Systems",
  publisher = 	 "Hemisphere",
  year = 	 1982
}

@Book{hill92,
  author =	 {P. Hill and C. Peterson},
  title = 	 {Mechanics and Theromdynamics of Propulsion},
  publisher = 	 {Addison Wesley},
  year = 	 1992,
  edition =	 {2nd}
}

@Book{hinch91,
  author = 	 "E. J. Hinch",
  title = 	 "Perturbation Methods",
  publisher = 	 CUP,
  year = 	 1991
}

@Book{hinze75,
  author = 	 "J. O. Hinze",
  title = 	 "Turbulence",
  publisher = 	 "McGraw-Hill",
  year = 	 1975,
  edition =	 "2nd"
}

@Book{hirsch74,
  author =	 {M. W. Hirsch and S. Smale},
  title = 	 {Differential Equations, Dynamical Systems, 
                  and Linear Algebra},
  publisher = 	 {Academic Press},
  year = 	 1974
}

@Book{hoerner65,
  author = 	 {S. F. Hoerner},
  title = 	 {Fluid-Dynamic Drag},
  publisher = 	 {Hoerner Fluid Dynamics},
  year = 	 1965}

@Book{hoerner85,
  author = 	 {S. F. Hoerner and H. V. Borst},
  title = 	 {Fluid-Dynamic Lift},
  publisher = 	 {Hoerner Fluid Dynamics},
  year = 	 1985}

@Book{hoffman02,
  author =	 {A. C. Hoffmann and L. E. Stein},
  title = 	 {Gas Cyclones and Swirl Tubes: Principles, Design
                  and Operation},
  publisher = 	 {Springer},
  year = 	 2002,
  address =	 {Berlin}
}

@Book{holmes96,
  author =	 {P. Holmes and J. L. Lumley and G. Berkooz},
  title = 	 {Turbulence, Coherent Structures, Dynamical Systems
                  and Symmetry},
  publisher = 	 CUP,
  year = 	 1996
}

@Book{hoppensteadt02,
  author =	 {F. C. Hoppensteadt and C. S. Peskin},
  title = 	 {Modeling and Simulation in Medicine and the Life Sciences},
  publisher = 	 {Springer},
  year = 	 2002,
  volume =	 10,
  series =	 {Texts in Applied Mathematics},
  edition =	 {2nd}
}

@Book{houghton03,
  author =	 {E. L. Houghton and P. W. Carpenter},
  title = 	 {Aerodynamics for Engineering Students},
  publisher = 	 {Elsevier Butterworth-Heinemann},
  year = 	 2003,
  edition =	 {5th}
}

@Book{howe03,
  author =	 {M. S. Howe},
  title = 	 {Theory of Vortex Sound},
  publisher = 	 CUP,
  year = 	 2003
}

@book{howe05,
  author =	 {D. Howe},
  title = 	 {Aircraft Conceptual Design Synthesis},
  publisher = 	 {Wiley},
  year = 	 2005
}

@book{hoyle06,
  author =	 {R. Hoyle},
  title = 	 {Pattern Formation: An Introduction to the Methods},
  publisher = 	 CUP,
  year = 	 2006
}

@Book{hubbard95,
  author = 	 "J. H. Hubbard and B. H. West",
  title = 	 "Differential Equations: A Dynamical Systems
		  Approach.  Part 2.  Higher-Dimensional Systems",
  publisher = 	 "Springer",
  year = 	 1995,
  volume =	 18,
  series =	 "Texts Appl.\ Math."
}

@Book{hughes87,
  author = 	 "T. J. R. Hughes",
  title = 	 "The Finite Element Method: Linear Static and Dynamic
		  Finite Element Analysis",
  publisher = 	 "Prentice-Hall",
  year = 	 1987
}

@Book{hunt02,
  editor =	 {B. J. Hunt and L. Poston and M. Schachter
                  and A. Halliday},
  title = 	 {An Introduction to Vascular Biology: From Basic
                  Science to Clinical Practice},
  publisher = 	 CUP,
  year = 	 2002,
  edition =	 {2nd}
}

@Book{hurt65,
  author =	 {H. H. Hurt, Jr},
  title = 	 {Aerodynamics for Naval Aviators},
  publisher = 	 {Aviation Supplies and Academics},
  year = 	 1965
}

@Book{iooss90,
  author =	 {G. Iooss and D. D. Joseph},
  title = 	 {Elementary Stability and Bifurcation Theory},
  publisher = 	 {Springer},
  year = 	 1990,
  series =	 {Undergraduate Texts in Mathematics},
  address =	 {New York},
  edition =	 {2nd}
}

@Book{irons80,
  author = 	 "Irons, B. M. and Ahmad, S.",
  title = 	 "Techniques of Finite Elements",
  publisher = 	 "Ellis Horwood",
  year = 	 1980
}

@Book{jaffrin95,
  editor =	 {M. Y. Jaffrin and C. G. Caro},
  title = 	 {Biological Flows},
  publisher = 	 {Plenum Press},
  year = 	 1995
}

@Book{jiang98,
  author =	 {B-N. Jiang},
  title = 	 {The Least-Squares Finite Element Method},
  publisher = 	 {Springer},
  year = 	 1998
}

@Book{jenkinson99,
  author =	 {L. R. Jenkinson and P. Simpkin and D. Rhodes},
  title = 	 {Civil Jet Aircraft Design},
  publisher = 	 {AIAA},
  year = 	 1999
}

@Book{jenkinson03,
  author =	 {L. R. Jenkinson and J. F. Marchman, III},
  title = 	 {Aircraft Design Projects for Engineering Students},
  publisher = 	 {AIAA},
  year = 	 2003
}

@Book{jennings97,
  author =	 {W. Jennings and E. Mittlefehldt and P. Stremple},
  title = 	 {Analytical Gas Chromatography},
  publisher = 	 {Academic Press},
  year = 	 1997,
  address =	 {San Diego},
  edition =	 {2nd}
}

@Book{jones90,
  author =	 {R. T. Jones},
  title = 	 {Wing Theory},
  publisher = 	 {Princeton},
  year = 	 1990
}

@Book{johnson87,
  author =	 {C. Johnson},
  title = 	 {Numerical Solution of Partial Differential Equations
                  by the Finite Element Method},
  publisher = 	 CUP,
  year = 	 1987
}

@Book{julien94,
  author =	 {P. Y. Julien},
  title = 	 {Erosion and Sedimentation},
  publisher = 	 CUP,
  year = 	 1994
}

@Book{juvinall06,
  author =	 {R. C. Juvinall and K. M. Marshek},
  title = 	 {Fundamentals of Machine Component Design},
  publisher = 	 {Wiley},
  year = 	 2006,
  edition =	 {4th}
}

@Book{kaiathl80,
  author =	 {T. Kailath},
  title = 	 {Linear Systems},
  publisher = 	 {Prentice-Hall},
  year = 	 1980
}

@Book{karasek88,
  author =	 {F. W. Karasek and R. E. Clement},
  title = 	 {Basic Gas Chromatography--Mass Spectrometry},
  publisher = 	 {Elsevier},
  year = 	 1988,
  address =	 {Amsterdam}
}

@Book{karniadakis99,
  author =	 {G. E. Karniadakis and S. J. Sherwin},
  title = 	 {Spectral/$hp$ Element Methods for {CFD}},
  publisher = 	 OUP,
  year = 	 1999
}

@Book{karniadakis02,
  author = 	 {G. E. Karniadakis and A. Beskok},
  title = 	 {Micro Flows: Fundamentals and Simulation},
  publisher = 	 {Springer},
  year = 	 2002}

@book{karniadakis05,
  author =	 {G. E. Karniadakis and A. Beskok and N. Aluru},
  title = 	 {Microflows and Nanoflows: Fundamentals and Simulation},
  publisher = 	 {Springer},
  year = 	 2005
}

@Book{karniadakis05,
  author =	 {G. E. Karniadakis and S. J. Sherwin},
  title = 	 {Spectral/$hp$ Element Methods for Computational
                  Fluid Dynamics},
  publisher = 	 OUP,
  edition =      {2nd},
  year = 	 2005
}

@Book{katz91,
  author = 	 "Katz, J. and Plotkin, A.",
  title = 	 "Low-Speed Aerodynamics",
  publisher = 	 CUP,
  edition =      "2nd",
  year = 	 2001
}

@Book{katz06,
  author =	 {J. Katz},
  title = 	 {New Directions in Race Car Aerodynamics:
                  Designing for Speed},
  publisher = 	 {Bentley},
  year = 	 2006,
  edition =	 {2nd}
}

@Book{keane05,
  author =	 {A. J. Keane and P. B. Nair},
  title = 	 {Computational Approaches for Aerospace Design},
  publisher = 	 {Wiley},
  year = 	 2005
}

@Book{kermode06,
  author =	 {A. C. Kermode},
  title = 	 {Mechanics of Flight},
  publisher = 	 {Pearson--Prentice Hall},
  year = 	 2006,
  edition =	 {11th},
  note =	 {Revised by R. H. Barnard and D. R. Philpott}
}

@Book{kernighan84,
  author = 	 {B. W. Kernighan and R. Pike},
  title = 	 {The {UNIX} Programming Environment},
  publisher = 	 {Prentice-Hall},
  year = 	 1984,
  address =	 {New Jersey}
}

@Proceedings{kline80,
  title = 	 {The 1980--81 {AFOSR}--{HTTM}--{Stanford} Conference
                  on Complex Turbulent Flows:
                  Comparison of Computation and Experiment},
  year = 	 1980,
  editor =	 {S. J. Kline and B. J. Cantwell and G. M. Lilley},
  publisher =	 {Thermosciences Division, Mechanical Engineering Dept.,
                  Stanford University},
  note =	 {Volumes 1--3}
}

@Book{knupp93,
  author = 	 "P. Knupp and S. Steinberg",
  title = 	 "Fundamentals of Grid Generation",
  publisher = 	 "CRC Press",
  year = 	 1993
}

@Book{krause99,
  author =	 {J. D. Kraus and D. A. Fleisch},
  title = 	 {Electromagnetics with Applications},
  publisher = 	 {McGraw-Hill},
  year = 	 1999,
  edition =	 {5th}
}

@Book{kreyszig93,
  author = 	 {E. Kreyszig},
  title = 	 {Advanced Engineering Mathematics},
  publisher = 	 {Wiley},
  year = 	 1993,
  address =	 {New York},
  edition =	 {7th}
}

@Book{kuchemann78,
  author = 	 {D. Kuchemann},
  title = 	 {The Aerodynamic Design of Aircraft: A Detailed Introduction
                  to the Current Aerodynamic Knowledge and Practical Guide 
                  to the Solution of Aircraft Design Problems},
  publisher = 	 {Pergamon},
  year = 	 1978,
  note = 	 {Republished by AIAA, 2012}}

@Book{kuchement93,
  author =	 {P. Kuchement},
  title = 	 {{Floquet} Theory for Partial Differential Equations},
  publisher = 	 {Birkh{\"{a}}user},
  year = 	 1993,
  volume =	 60,
  series =	 {Operator Theory, Advances and Applications}
}

@Book{kuethe86,
  author =	 {A. M. Kuethe and C.-Y. Chow},
  title = 	 {Foundations of Aerodynamics},
  publisher = 	 {Wiley},
  year = 	 1986,
  edition =	 {4th}
}

@Book{kuznetzov98,
  author =       {Kuznetsov, Y. A.},
  title =        {Elements of Applied Bifurcation Theory},
  publisher =    {Springer},
  year =         1998,
  edition =      {2nd}
}

@Book{lamb32,
  author = 	 "H. Lamb",
  title = 	 "Hydrodynamics",
  publisher = 	 CUP,
  year = 	 1932,
  note =	 "Dover Edition, 1945"
}

@Book{landahl86,
  author = 	 "M. T. Landahl and E. Mollo-Christensen",
  title = 	 "Turbulence and Random Processes in Fluid Mechanics",
  publisher = 	 CUP,
  year = 	 1986
}

@Book{langtangen09,
  author = 	 {H. P. Langtangen},
  title = 	 {Python Scripting for Computational Science and Engineering},
  publisher = 	 {Springer},
  year = 	 2009,
  edition = 	 {3rd}}

@Book{lau03,
  author =	 {C.-T. E. Lau and J. Roskam},
  title = 	 {Airplane Aerodynamics and Performance},
  publisher = 	 {DAR Corp.},
  year = 	 2003,
  note =	 {3rd printing}
}

@Book{leal92,
  author =	 {L. G. Leal},
  title = 	 {Laminar Flow and Convective Transport Processes:
                  Scaling Principles and Asymptotic Analysis},
  publisher = 	 {Butterworth--Heinemann},
  year = 	 1992,
  address =	 {Boston}
}

@Book{lehoucq98,
  author =	 {R. B. Lehoucq and D. C. Sorenson and C. Yang},
  title = 	 {ARPACK Users' Guide},
  publisher = 	 {SIAM},
  year = 	 1998
}

@Book{leishman06,
  author =	 {J. G. Leishman},
  title = 	 {Principles of Helicopter Aerodynamics},
  publisher = 	 CUP,
  year = 	 2006,
  edition =	 {2nd}
}

@Book{lesieur90,
  author = 	 "M. Lesieur",
  title = 	 "Turbulence in Fluids",
  publisher = 	 "Kluwer Academic",
  year = 	 1990,
  edition =	 "2nd Revised"
}

@Book{lesieur97,
  author = 	 "M. Lesieur",
  title = 	 "Turbulence in Fluids",
  publisher = 	 "Kluwer Academic",
  year = 	 1997,
  edition =	 "3rd Revised and Enlarged"
}

@Book{levick03,
  editor =	 {J. R. Levick},
  title = 	 {An Introduction to Cardiovascular Physiology},
  publisher = 	 {Arnold},
  year = 	 2003
}

@Book{lewis96,
  author =	 {R. I. Lewis},
  title = 	 {Turbomachinery Performance Analysis},
  publisher = 	 {Arnold},
  year = 	 1996,
  address =	 {London}
}

@Book{libby96,
  author =	 {P. A. Libby},
  title = 	 {Introduction to Turbulence},
  publisher = 	 {Taylor \& Francis},
  year = 	 1996
}

@Book{liepmann57,
  author =	 {H. W. Liepmann and A. Roshko},
  title = 	 {Elements of Gasdynamics},
  publisher = 	 {Wiley},
  year = 	 1957
}

@Book{lighthill78,
  author =	 {J. Lighthill},
  title = 	 {Waves in Fluids},
  publisher = 	 CUP,
  year = 	 1978
}

@Book{lighthill86,
  author = 	 "J. Lighthill",
  title = 	 "An Informal Introduction to Theoretical Fluid Mechanics",
  publisher = 	 OUP,
  year = 	 1986
}

@Book{longhand02,
  author =	 {S. Longhand},
  title = 	 {Gliding: The British Gliding Association Manual},
  publisher = 	 {A. \& C. Black},
  year = 	 2002
}

@Book{mair92,
  author =	 {W. A. Mair and D. L. Birdsall},
  title = 	 {Aircraft Performance},
  publisher = 	 CUP,
  year = 	 1992
}

@Book{manneville90,
  author =	 {P. Manneville},
  title = 	 {Dissipative Structures and Weak Turbulence},
  publisher = 	 {Academic Press},
  year = 	 1990,
  address =	 {San Diego}
}

@Book{manneville04,
  author = 	 {P. Manneville},
  title = 	 {Instabilities, Chaos and Turbulence},
  publisher = 	 {Imperial College Press},
  year = 	 2004}

@Book{mattingly02,
  author =	 {J. D. Mattingly and W. H. Heiser and D. T. Pratt},
  title = 	 {Aircraft Engine Design},
  publisher = 	 {AIAA},
  year = 	 2002,
  edition =	 {2nd}
}

@Book{mazumdar92,
  author = 	 {J. N. Mazumdar},
  title = 	 {Biofluid Mechanics},
  publisher = 	 {World Scientific},
  year = 	 1992}

@Book{mcdonald74,
  author =	 {D. A. McDonald},
  title = 	 {Blood Flow in Arteries},
  publisher = 	 {Edward Arnold},
  year = 	 1974,
  edition =	 {2nd}
}

@Book{mcdonald98,
  author =	 {W. W. Nichols and M. F. O'Rourke},
  title = 	 {{McDonald's} Blood Flow in Arteries: 
                  Theoretical, Experimental and Clinical Principles},
  publisher = 	 {Arnold},
  year = 	 1998,
  address =	 {London},
  edition =	 {4th}
}

@Book{mccomb91,
  author = 	 {W. D. McComb},
  title = 	 {The Physics of Fluid Turbulence},
  publisher = 	 OUP,
  year = 	 1991
}

@Book{mcormick95,
  author =	 {B. W. McCormick},
  title = 	 {Aerodynamics, Aeronautics and Flight Mechanics},
  publisher = 	 {Wiley},
  year = 	 1995,
  edition =	 {2nd}
}

@Book{mclean12,
  author = 	 {D. McLean},
  title = 	 {Understanding Aerodynamics: Arguing from the Real Physics},
  publisher = 	 {Wiley},
  year = 	 2012}

@Book{meir77,
  author = 	 "L. Meirovitch",
  title = 	 "Elements of Vibration Analysis",
  publisher = 	 "McGraw-Hill",
  year = 	 1977,
  address =      "New York"
}

@Book{miller90,
  author =	 {D. S. Miller},
  title = 	 {Internal Flow Systems},
  publisher = 	 {BHRA},
  year = 	 1990,
  address =	 {Cranfield, UK},
  edition =	 {2nd}
}

@Book{milnethompson60,
  author = 	 "L. M. Milne-Thompson",
  title = 	 "Theoretical Hydrodynamics",
  publisher = 	 "Macmillan",
  year = 	 1960,
  edition =	 "4th"
}

@Book{milnethompson66,
  author =	 {L. M. Milne-Thompson},
  title = 	 {Theoretical Aerodynamics},
  publisher = 	 {Macmillan},
  year = 	 1966,
  edition =	 {4th},
  note =	 {Dover edition, 1973}
}

@Book{milnor89,
  author =	 {W. R. Milnor},
  title = 	 {Hemodynamics},
  publisher = 	 {Williams \& Wilkins},
  year = 	 1989,
  address =	 {Baltimore},
  edition =	 {2nd}
}

@Book{vonmises45,
  author =	 {R. von Mises},
  title = 	 {Theory of Flight},
  publisher = 	 {McGraw-Hill},
  year = 	 1945,
  note =	 {Dover edition, 1959}
}

@Book{moreau90,
  author =	 {R. Moreau},
  title = 	 {Magnetohydrodynamics},
  publisher = 	 {Kluwer},
  year = 	 1990
}

@Book{morse53,
  author = 	 {P. M. Morse and H. Feshbach},
  title = 	 {Methods of Theoretical Physics},
  publisher = 	 {McGraw-Hill},
  volume =       1,
  year = 	 1953}

@Book{mullin93,
  editor =	 {T. Mullin},
  title = 	 {The Nature of Chaos},
  publisher = 	 OUP,
  year = 	 1993
}

@Book{naudascher93,
  author = 	 "E. Naudascher and D. Rockwell",
  title = 	 "Flow-Induced Vibrations: An Engineering Guide",
  publisher = 	 "A. A. Balkema",
  year = 	 1993
}

@Book{needham97,
  author =	 {T. Needham},
  title = 	 {Visual Complex Analysis},
  publisher = 	 OUP,
  year = 	 1997
}

@Book{nelson98,
  author =	 {R. C. Nelson},
  title = 	 {Flight Stability and Automatic Control},
  publisher = 	 {McGraw-Hill},
  year = 	 1998,
  edition =	 {2nd}
}

@Book{newland93,
  author = 	 "D. E. Newland",
  title = 	 "An Introduction to Random Vibrations, Spectral and
		  Wavelet Analysis",
  publisher = 	 "Longman",
  year = 	 1993,
  edition =	 "3rd"
}

@Book{nicolai84,
  author =	 {L. M. Nicolai},
  title = 	 {Fundamentals of Aircraft Design},
  publisher = 	 {METS, Inc},
  year = 	 1984
}

@Book{nicolai10,
  author = 	 {L. M. Nicolai and G. E. Carichner},
  title = 	 {Fundamentals of Aircraft and Airship Design},
  publisher = 	 {AIAA},
  year = 	 2010,
  volume = 	 1}

@Book{nigmatulin91,
  author = 	 "R. I. Nigmatulin",
  title = 	 "Dynamics of Multiphase Media",
  publisher = 	 "Hemisphere",
  year = 	 1991,
  editor =	 "J. C. Friedly",
  volume =	 2
}

@Book{niu06,
  author =	 {M. C. Y. Niu},
  title = 	 {Airframe Structural Design},
  publisher = 	 {Hong Kong Conmilit Press},
  year = 	 2006,
  edition =	 {2nd}
}

@Book{noack11,
  editor = 	 {B. W. Noack and M. Morzynski and G. Tadmor},
  title = 	 {Reduced-Order Modelling for Flow Control},
  publisher = 	 {Springer},
  year = 	 2011}

@BOOK{noecedal99,
  author =       {J. Nocedal and S. Wright},
  title =        {Numerical Optimization},
  publisher =    {Springer},
  year =         {1999}
}

@Book{obert09,
  author = 	 {E. Obert},
  title = 	 {Aerodynamic Design of Transport Aircraft},
  publisher = 	 {IOS Pres},
  year = 	 2009}

@Book{oertel04,
  editor =	 {H. Oertel},
  title = 	 {Prandtl's Essentials of Fluid Mechanics},
  publisher = 	 {Springer},
  year = 	 2004,
  volume =	 158,
  series =	 {Applied Mathematical Sciences},
  edition =	 {2nd}
}

@Book{oppenheim75,
  author = 	 "A. V. Oppenheim and R. W. Schafer",
  title = 	 "Digital Signal Processing",
  publisher = 	 "Prentice-Hall",
  year = 	 1975
}

@Book{pacheco97,
  author = 	 {P. S. Pacheco},
  title = 	 {Parallel Programming with {MPI}},
  publisher = 	 {Morgan Kauffman},
  year = 	 1997,
  address =	 {San Francisco}
}

@Book{panton84,
  author = 	 "R. L. Panton",
  title = 	 "Incompressible Flow",
  publisher = 	 "Wiley",
  year = 	 1984
}

@Book{pedley80,
  author =	 {T. J. Pedley},
  title = 	 {The Fluid Mechanics of Large Blood Vessels},
  publisher = 	 CUP,
  year = 	 1980
}

@Book{peyret02,
  author =	 {R. Peyret},
  title = 	 {Spectral Methods for Incompressible Viscous Flow},
  publisher = 	 {Springer},
  year = 	 2002,
  volume =	 148,
  series =	 {Appl.\ Math.\ Sci.},
  address =	 {Berlin}
}

@Book{phillips04,
  author =	 {W. F. Phillips},
  title = 	 {Mechanics of Flight},
  publisher = 	 {Wiley},
  year = 	 2004
}

@Book{piggot02a,
  author =	 {D. Piggott},
  title = 	 {Gliding: A Handbook on Soaring Flight},
  publisher = 	 {A. \& C. Black},
  year = 	 2002,
  edition =	 {8th}
}

@Book{piggot02b,
  author =	 {D. Piggott},
  title = 	 {Understanding Gliding},
  publisher = 	 {A. \& C. Black},
  year = 	 2002,
  edition =	 {4th}
}

@book{pope00,
  author =	 {S. B. Pope},
  title = 	 {Turbulent Flows},
  publisher = 	 CUP,
  year = 	 2000
}

@Book{pozrikidis05,
  author =	 {C. Pozrikidis},
  title = 	 {Introduction to Finite and Spectral Element Methods
                  Using {MATLAB}},
  publisher = 	 {Chapman \& Hall/{CRC}},
  year = 	 2005
}

@Book{prandtl34a,
  author = 	 "L. Prandtl and O. G. Tietjens",
  title = 	 "Fundamentals of Hydro- and Aeromechanics",
  publisher = 	 "Engineering Societies Monographs",
  year = 	 1934,
  note =	 "Dover edition, 1957"
}

@Book{prandtl34b,
  author = 	 "L. Prandtl and O. G. Tietjens",
  title = 	 "Applied Hydro- and Aeromechanics",
  publisher = 	 "Engineering Societies Monographs",
  year = 	 1934,
  note =	 "Dover edition, 1957"
}

@Book{pratap06,
  author =	 {R. Pratap},
  title = 	 {Getting Started with MATLAB 7},
  publisher = 	 OUP,
  year = 	 2006
}

@Book{press92,
  author =	 {W. H. Press and S. A. Tuekolsky and W. T. Vetterling
                  and B. P. Flannery},
  title = 	 {Numerical Recipes in Fortran:
                  The Art of Scientific Computing},
  publisher = 	 CUP,
  year = 	 1992,
  edition =	 {2nd}
}

@Book{probstein03,
  author = 	 {R. F. Probstein},
  title = 	 {Physiochemical Hydrodynamics: An Introduction},
  publisher = 	 {Wiley},
  year = 	 2003,
  edition = 	 {2nd}}

@Book{quarteroni97,
  author =	 {A. Quarteroni and A. Valli},
  title = 	 {Numerical Approximation of Partial Differential Equations},
  publisher = 	 {Springer},
  year = 	 1997,
  number =	 23,
  series =	 {Computational Mathematics}
}

@Book{quarteroni99,
  author =	 {A. Quarteroni and A. Valli},
  title = 	 {Domain Decomposition Methods for
                  Partial Differential Equations},
  publisher = 	 OUP,
  year = 	 1999
}

@Book{raymer06,
  author =	 {D. P. Raymer},
  title = 	 {Aircraft Design: A Conceptual Approach},
  publisher = 	 {AIAA},
  year = 	 2006,
  edition =	 {4th}
}

@Book{reddy83,
  author =	 {J. N. Reddy},
  title = 	 {An Introduction to the Finite Element Method},
  publisher = 	 {McGraw-Hill},
  year = 	 1993,
  edition =	 {2nd}
}

@Book{reddy94,
  author = 	 "J. N. Reddy and D. K. Gartling",
  title = 	 "The Finite Element Method in Heat Transfer and Fluid
		  Dynamics",
  publisher = 	 "CRC Press",
  year = 	 1994
}

@Book{rhodes90,
  author = 	 "M. J. Rhodes",
  title = 	 "Principles of Powder Technology",
  publisher = 	 "Wiley",
  year = 	 1990
}

@Book{roco93,
  author = 	 "M. C. Roco",
  title = 	 "Particulate Two-Phase Flow",
  publisher = 	 "Butterworth--Heinemann",
  year = 	 1993
}

@Book{rodi80,
  author = 	 "W. Rodi",
  title = 	 "Turbulence Models and their Application in
		  Hydraulics --- A State of the Art Review",
  publisher = 	 "Institut f{\"{u}}r Hydromechanik",
  year = 	 1980,
  address =	 "Karlsruhe"
}

@Book{rolfe78,
  author =	 {D. Rolfe and A. Dawydoff 
                  and W. Winter and W. Byshyn and H. Clark},
  title = 	 {Airlanes of the World: 1490 to 1976},
  publisher = 	 {Simon and Schuster},
  year = 	 1978
}

@Book{rosenhead63,
  author = 	 "L. Rosenhead",
  title = 	 "Laminar Boundary Layers",
  publisher = 	 OUP,
  year = 	 1963,
  note =         "Dover edition 1988"
}

@Book{roskam1-8,
  author =	 {J. Roskam},
  title = 	 {Airplane Design},
  publisher = 	 {DAR Corp.},
  year = 	 {1986--2007},
  volume =	 {I--VIII}
}

@Book{roskam1,
  author =	 {J. Roskam},
  title = 	 {Airplane Design. Part I: Preliminary Sizing of Airplanes},
  publisher = 	 {DAR Corp.},
  year = 	 2005,
  note =	 {4th printing}
}

@Book{roskam2,
  author =	 {J. Roskam},
  title = 	 {Airplane Design. Part II: Preliminary Configuration Design
                  and Integration of the Propulsion System},
  publisher = 	 {DAR Corp.},
  year = 	 2004,
  note =	 {4th printing}
}

@Book{roskam3,
  author =	 {J. Roskam},
  title = 	 {Airplane Design. Part III: Layout Design of Cockpit, 
                  Fuselage, Wing and Empennage: Cutaways and Inboard Profiles},
  publisher = 	 {DAR Corp.},
  year = 	 2002,
  note =	 {3rd printing}
}

@Book{roskam4,
  author =	 {J. Roskam},
  title = 	 {Airplane Design. Part IV: Layout of Landing Gear
                  and Systems},
  publisher = 	 {DAR Corp.},
  year = 	 2007,
  note =	 {5th printing}
}

@Book{roskam5,
  author =	 {J. Roskam},
  title = 	 {Airplane Design. Part V: Component Weight Estimation},
  publisher = 	 {DAR Corp.},
  year = 	 2003,
  note =	 {3rd printing}
}

@Book{roskam6,
  author =	 {J. Roskam},
  title = 	 {Airplane Design. Part VI: Preliminary Calculation of 
                  Aerodynamic, Thrust and Power Characteristics},
  publisher = 	 {DAR Corp.},
  year = 	 2004,
  note =	 {4th printing}
}

@Book{roskam7,
  author =	 {J. Roskam},
  title = 	 {Airplane Design. Part VII: Determination of Stability,
                  Control and Performance Characteristics: FAR and
                  Military Requirements},
  publisher = 	 {DAR Corp.},
  year = 	 2006,
  note =	 {4th printing}
}

@Book{roskam8,
  author =	 {J. Roskam},
  title = 	 {Airplane Design. Part VIII: Airplane Cost Estimation:
                  Development, Manufacturing and Operating},
  publisher = 	 {DAR Corp.},
  year = 	 2006,
  note =	 {3rd printing}
}

@Book{rouse46,
  author = 	 "H. Rouse",
  title = 	 "Elementary Mechanics of Fluids",
  publisher = 	 "Wiley",
  year = 	 1946,
  note =	 "Dover edition, 1978"
}

@Book{saad92,
  author =	 {Y. Saad},
  title = 	 {Numerical Methods for Large Eigenvalue Problems},
  publisher = 	 {Wiley},
  year = 	 1992
}

@book{saarlas07,
  author =	 {M. Saarlas},
  title = 	 {Aircraft Performance},
  publisher = 	 {Wiley},
  year = 	 2007
}

@Book{saffman92,
  author =	 {P. G. Saffman},
  title = 	 {Vortex Dynamics},
  publisher = 	 CUP,
  year = 	 1992
}

@Book{sagaut01,
  author =	 {P. Sagaut},
  title = 	 {Large Eddy Simulation for Incompressible Flows},
  publisher = 	 {Springer},
  year = 	 2001,
  address =	 {Berlin}
}

@Book{schaufele07,
  author =	 {R. D. Schaufele},
  title = 	 {The Elements of Preliminary Aircraft Design},
  publisher = 	 {Aries Publications},
  year = 	 2007
}

@Book{schlichting79a,
  author = 	 "H. Schlichting",
  title = 	 "Boundary-Layer Theory",
  publisher = 	 "McGraw-Hill",
  year = 	 1979,
  edition =	 "7th"
}

@Book{schlichting79b,
  author = 	 {H. Schlichting and E. A. Truckenbrodt},
  title = 	 {Aerodynamics of the Aeroplane},
  publisher = 	 {McGraw-Hill},
  year = 	 1979}

@book{schmid01,
  author =	 {P. J. Schmid and D. S. Henningson},
  title = 	 {Stability and Transition in Shear Flows},
  publisher = 	 {Springer},
  year = 	 2001,
  volume =	 142,
  series =	 {Appl.\ Math.\ Sci.},
  address =	 {Berlin}
}

@Book{schroder91,
  author = 	 "M. Schroeder",
  title = 	 "Fractals, Chaos, Power Laws",
  publisher = 	 "Freeman",
  year = 	 1991
}

@Book{schwenk96,
  author =	 {T. Schwenk},
  title = 	 {Sensitive Chaos: 
                  The Creation of Flowing Forms in Water and Air},
  publisher = 	 {Rudolf Steiner Press},
  year = 	 1996,
  edition =	 {2nd}
}

@Book{seddon93,
  editor =	 {J. Seddon and E. L. Goldsmith},
  title = 	 {Practical Intake Aerodynamic Design},
  publisher = 	 {Blackwell Scientific},
  year = 	 1993
}

@Book{seddon99,
  editor =	 {J. Seddon and E. L. Goldsmith},
  title = 	 {Intake Aerodynamics},
  publisher = 	 {AIAA},
  year = 	 1999,
  edition =      {2nd}
}

@Book{seydel94,
  author =	 {R. Seydel},
  title = 	 {Practical Bifurcation and Stability Analysis:
                  From Equilibrium to Chaos},
  publisher = 	 {Springer},
  year = 	 1994,
  address =	 {New York},
  edition =      {2nd}
}

@Book{shames62,
  author =	 {I. H. Shames},
  title = 	 {Mechanics of Fluids},
  publisher = 	 {McGraw-Hill},
  year = 	 1962
}

@Book{shaw85,
  author =	 {R. L. Shaw},
  title = 	 {Fighter Combat},
  publisher = 	 {Naval Institute Press},
  year = 	 1985
}

@Book{sherman90,
  author = 	 "F. S. Sherman",
  title = 	 "Viscous Flow",
  publisher = 	 "McGraw-Hill",
  year = 	 1990
}

@Book{shevell89,
  author =	 {R. S. Shevell},
  title = 	 {Fundamentals of Flight},
  publisher = 	 {Prentice-Hall},
  year = 	 1989,
  edition =	 {2nd}
}

@Book{shigley03,
  author =	 {J. E. Shigley and C. R. Mischke},
  title = 	 {Mechanical Engineering Design},
  publisher = 	 {McGraw-Hill},
  year = 	 2003,
  edition =	 {6th}
}

@Book{shook91,
  author = 	 "C. A. Shook and M. C. Roco",
  title = 	 "Slurry Flow: Principles and Practice",
  publisher = 	 "Butterworth--Heinemann",
  year = 	 1991
}

@Book{simiu86,
  author = 	 "E. Simiu and R. H. Scanlan",
  title = 	 "Wind Effects on Structures",
  publisher = 	 "Wiley",
  year = 	 1986
}

@Book{simpson97,
  author =	 {J. E. Simpson},
  title = 	 {Gravity Currents in the Environment and the Laboratory},
  publisher = 	 {CUP},
  year = 	 1997,
  volume =	 {2nd}
}

@Book{smith96,
  author =	 {B. Smith and P. Bj{\o}rstad and W. Gropp},
  title = 	 {Domain Decomposition: Parallel Multilevel Methods for
                  Elliptic Partial Differential Equations},
  publisher = 	 CUP,
  year = 	 1996
}

@Book{smits00,
  author = 	 {A. J. Smits},
  title = 	 {A Physical Introduction to Fluid Dynamics},
  publisher = 	 {Wiley},
  year = 	 2000}

@Book{smith05,
  author =	 {Z. Smith},
  title = 	 {Advanced Composite Techniques},
  publisher = 	 {Aeronaut Press},
  year = 	 2005
}

@Book{stengel94,
  author = 	 {R. F. Stengel},
  title = 	 {Optimal Control and Estimation},
  publisher = 	 {Dover Inc},
  year = 	 1994}

@Book{stengel04,
  author =	 {R. F. Stengel},
  title = 	 {Flight Dynamics},
  publisher = 	 {Princeton},
  year = 	 2004
}

@Book{stevens03,
  author =	 {B. L. Stevens and F. L. Lewis},
  title = 	 {Aircraft Control and Simulation},
  publisher = 	 {Wiley},
  year = 	 2003,
  edition =	 {2nd}
}

@Book{stewart95,
  author =	 {I. Stewart},
  title = 	 {Concepts of Modern Mathematics},
  publisher = 	 {Dover},
  year = 	 1995
}

@Book{stewart98,
  author = 	 {G. W. Stewart},
  title = 	 {Matrix Algorithms. {Volume II}: {Eigensystems}},
  publisher = 	 {SIAM},
  year = 	 1998}

@Book{stinton83,
  author =	 {D. Stinton},
  title = 	 {The Design of the Aeroplane},
  publisher = 	 {Blackwell},
  year = 	 1983
}

@Book{stinton98,
  author =	 {D. Stinton},
  title = 	 {The Anatomy of the Aeroplane},
  publisher = 	 {Blackwell},
  year = 	 1998,
  edition =      {2nd}
}

@Book{strang06,
  author = 	 "G. Strang",
  title = 	 "Linear Algebra And Its Applications",
  publisher = 	 "Thompson Brooks/Cole",
  year = 	 2006,
  edition =	 "4th"
}

@Book{strang07,
  author =	 {G. Strang},
  title = 	 {Computational Science and Engineering},
  publisher = 	 {Wellesley-Cambridge},
  year = 	 2007
}

@Book{strang08,
  author = 	 "G. Strang and G. J. Fix",
  title = 	 "An Analysis of the Finite Element Method",
  publisher = 	 "Wellesley-Cambridge",
  year = 	 2008,
  edition =      {2nd}
}

@Book{strogatz94,
  author =	 {S. H. Strogatz},
  title = 	 {Nonlinear Dynamics and Chaos},
  publisher = 	 {Perseus},
  year = 	 1994
}

@Book{swinney81,
  author = 	 {H. L. Swinney and J. P. Gollub},
  title = 	 {Hydrodynamic Instabilities and the Transition to Turbulence},
  publisher = 	 {Springer},
  year = 	 1981,
  number =	 45,
  series =	 {Topics in Applied Physics},
  address =	 {Berlin}
}

@Book{tannehill97,
  author =	 {J. C. Tannehill and D. A. Anderson and 
                  R. H. Pletcher},
  title = 	 {Computational Fluid Dynamics and Heat Transfer},
  publisher = 	 {Taylor and Francis},
  year = 	 1997,
  address =	 {2nd}
}
 
@Book{tennekes72,
  author = 	 "H. Tennekes and J. L. Lumley",
  title = 	 "A First Course in Turbulence",
  publisher = 	 "MIT Press",
  year = 	 1972
}

@Book{tennekes1997,
  author =	 {H. Tennekes},
  title = 	 {The Simple Science of Flight},
  publisher = 	 {MIT Press},
  year = 	 1997
}

@book{thomas99,
  author =	 {F. Thomas},
  title = 	 {Fundamentals of Sailplane Design},
  publisher = 	 {College Park Press},
  year = 	 1999
}

@Book{thomas99b,
  author =	 {D. Thomas},
  title = 	 {Radio Control Foam Modelling},
  publisher = 	 {Nexus},
  year = 	 1999,
  note =	 {revised edition}
}

@Book{thompson85,
  author = 	 "J. F. Thompson and Z. U. A. Warsi and C. W. Mastin",
  title = 	 "Numerical Grid Generation",
  publisher = 	 "North-Holland",
  year = 	 1985
}

@Book{thompson86,
  author = 	 "J. M. T. Thompson and H. B. Stewart",
  title = 	 "Nonlinear Dynamics and Chaos",
  publisher = 	 "Wiley",
  year = 	 1986
}

@Book{thwaites60,
  author = 	 "B. Thwaites",
  title = 	 "Incompressible Aerodynamics",
  publisher = 	 OUP,
  year = 	 1960,
  note =	 "Dover Edition, 1987"
}

@Book{torenbeek82,
  author =	 {E. Torenbeek},
  title = 	 {Synthesis of Subsonic Airplane Design},
  publisher = 	 {Martinus Nijhoff},
  year = 	 1982
}

@Book{torenbeek09,
  author = 	 {E. Torenbeek and H. Wittenberg},
  title = 	 {Flight Physics: Essentials of Aeronautical
                  Disciplines and Technology},
  publisher = 	 {Springer},
  year = 	 2009}

@Book{torenbeek13,
  author = 	 {E. Torenbeek},
  title = 	 {Advanced Aircraft Design: Conceptual Design, 
                  Technololgy and Optimization of Subsonic Civil Airplanes},
  publisher = 	 {Wiley},
  year = 	 2013}

@Book{townsend76,
  author = 	 "A. A. Townsend",
  title = 	 "The Structure of Turbulent Shear Flow",
  publisher = 	 CUP,
  year = 	 1976,
  edition =	 "2nd"
}

@Book{trefethen97,
  author = 	 {L. N. Trefethen and D. Bau, {III}},
  title = 	 {Numerical Linear Algebra},
  publisher = 	 {SIAM},
  year = 	 1997,
  address =	 {Philadelphia}
}

@Book{trefethen05,
  author =	 {L. N. Trefethen and M. Embree},
  title = 	 {Spectra and Pseudospectra},
  publisher = 	 {Princeton University Press},
  year = 	 2005
}

@Book{trefethen00,
  author =	 {L. N. Trefethen},
  title = 	 {Spectral Methods in MATLAB},
  publisher = 	 {SIAM},
  year = 	 2000
}

@Book{turns96,
  author =	 {S. R. Turns},
  title = 	 {An Introduction to Combustion},
  publisher = 	 {McGraw-Hill},
  year = 	 1996
}

@Book{vandyke75,
  author = 	 {Van Dyke, M.},
  title = 	 {Perturbation Methods in Fluid Mechanics},
  publisher = 	 {Parabolic Press},
  year = 	 1975,
  address =	 {Stanford, CA}
}

@Book{vandyke82,
  author = 	 {Van Dyke, M.},
  title = 	 {An Album of Fluid Motion},
  publisher = 	 {Parabolic Press},
  year = 	 1982,
  address =	 {Stanford, CA}
}

@Book{vanyo93,
  author =	 {J. P. Vanyo},
  title = 	 {Rotating Fluids in Engineering and Science},
  publisher = 	 {Butterworth--Heinemann},
  year = 	 1993,
  address =	 {Boston},
  note =	 {Republished: Dover 2001}
}

@Book{velde94,
  author = 	 "E. F. Van de Velde",
  title = 	 "Concurrent Scientific Computing",
  publisher = 	 "Springer",
  year = 	 1994,
  volume =	 16,
  series =	 "Texts in Appl.\ Math."
}

@Book{vinh93,
  author =	 {N. X. Vinh},
  title = 	 {Flight Mechanics of High-Performance Aircraft},
  publisher = 	 CUP,
  year = 	 1993
}

@Book{wallis69,
  author = 	 "G. B. Wallis",
  title = 	 "One-dimensional Two-phase Flow",
  publisher = 	 "McGraw-Hill",
  year = 	 1969
}

@Book{wallis83,
  author =	 {R. A. Wallis},
  title = 	 {Axial Flow Fans and Ducts},
  publisher = 	 {Wiley-Interscience},
  year = 	 1983,
  address =	 {New York}
}

@Book{weyl52,
  author =	 {H. Weyl},
  title = 	 {Symmetry},
  publisher = 	 PUP,
  year = 	 1952
}
@Book{white86,
  author =	 {F. M. White},
  title = 	 {Fluid Mechanics},
  publisher = 	 {McGraw-Hill},
  year = 	 1986,
  edition =	 {2nd}
}

@Book{white06,
  author = 	 "F. M. White",
  title = 	 "Viscous Fluid Flow",
  publisher = 	 "McGraw-Hill",
  year = 	 2006,
  edition =	 "3rd"
}

@Book{whitford89,
  author =	 {R. Whitford},
  title = 	 {Design for Air Combat},
  publisher = 	 {Jane's},
  year = 	 1989
}

@Book{whitford00,
  author =	 {R. Whitford},
  title = 	 {Fundamentals of Fighter Design},
  publisher = 	 {Crowood},
  year = 	 2000
}

@Book{wiggins03,
  author =	 {S. Wiggins},
  title = 	 {Introduction to Applied Nonlinear Dynamical Systems
                  and Chaos},
  publisher = 	 {Springer},
  year = 	 2003,
  edition =	 {2nd}
}

@Book{wilcox93,
  author = 	 "D. C. Wilcox",
  title = 	 "Turbulence Modeling for CFD",
  publisher = 	 "DCW Industries",
  year = 	 1993
}

@Book{yih65,
  author = 	 "C.-S. Yih",
  title = 	 "Dynamics of Nonhomogeneous Fluids",
  publisher = 	 "Macmillan",
  year = 	 1965
}

@Book{zaehringer04,
  author =	 {A. J. Zaehringer and S. Whitfield},
  title = 	 {Rocket Science: Rocket Science in the Second Millenium},
  publisher = 	 {Apogee Books},
  year = 	 2004
}

@Book{zemansky97,
  author =	 {M. W. Zemansky and R. H. Dittman},
  title = 	 {Heat and Thermodynamics},
  publisher = 	 {McGraw-Hill},
  year = 	 1997,
  edition =	 {7th}
}

@Book{scorer78,
  author = 	 {R. S. Scorer},
  title = 	 {Environmental Aerodynamics},
  publisher = 	 {Ellis Horwood},
  year = 	 1978}

