% $Id$
%%%%%%%%%%%%%%%%%%%%%%%%%%%%%%%%%%%%%%%%%%%%%%%%%%%%%%%%%%%%%%%%%%%%%%%%%%%%%%

@Article{arndt81,
  author = 	 {Roger E. Arndt},
  title = 	 {Cavitation in Fluid Machinery and Hydraulic Structures},
  journal = 	 ARFM,
  year = 	 1981,
  volume =	 13,
  pages =	 {273--328}
}

@Article{data50,
  author = 	 {R. M. Davies and G. I. Taylor},
  title = 	 {The Mechanics of Large Bubbles Rising Through Extended
                  Liquids and Through Liquids in Tubes},
  journal = 	 RSLA,
  year = 	 1950,
  volume =	 200,
  pages =	 {375--390}
}

@Article{bar87,
  author = 	 "D. Barnea",
  title = 	 "A Unified Model for Predicting Flow-Patterm
		  Transitions for the Whole Range of Pipe Inclinations",
  journal =	 IJMF,
  year =	 1987,
  volume =	 13,
  number =	 1,
  pages =	 "1--12"
}

@Article{ben84,
  author = 	 "Kjell H. Bendiksen",
  title = 	 "An Experimental Investigation of the Motion of Long
		  Bubbles in Inclined Tubes",
  journal =	 IJMF,
  year =	 1984,
  volume =	 10,
  number =	 4,
  pages =	 "467--483"
}

@Article{ben85,
  author = 	 "Kjell H. Bendiksen",
  title = 	 "On the Motion of Long Bubbles in Vertical Tubes",
  journal =	 IJMF,
  year =	 1985,
  volume =	 11,
  number =	 6,
  pages =	 "797--812"
}

@Article{bla90,
  author = 	 "E. Blass",
  title = 	 "Formation and Coalescence of Bubbles and Drops",
  journal =	 "Int.\ Chem.\ Eng.",
  year =	 1990,
  volume =	 30,
  number =	 2,
  pages =	 "206--221"
}

@Article{bstd80,
  author = 	 "Dvora Barnea and Ovadia Shoham and Yehuda Taitel and
		  A. E. Dukler",
  title = 	 "Flow Pattern Transition for Gas--Liquid Flow in
		  Horizontal and Inclined Pipes",
  journal =	 IJMF,
  year =	 1980,
  volume =	 6,
  pages =	 "217--225"
}

@Article{ch86,
  author = 	 "Thomas L. Cook and Francis H. Harlow",
  title = 	 "Vortices in Bubbly Two-Phase Flow",
  journal =	 IJMF,
  year =	 1986,
  volume =	 12,
  number =	 1,
  pages =	 "35--61"
}

@InProceedings{chb95,
  author = 	 "Martin C. Cook and Charles H. Newton and Masud Behnia",
  title = 	 "Experimental Investigation of Air-Water Slug Flow in
		  Horizontal Pipes and Comparison With Existing Models",
  volume =	 2,
  pages =	 "699--702",
  booktitle =	 "12th A/Asian Fluid Mech.\ Conf.",
  year =	 1995,
  address =	 "Sydney",
  month =	 "December"
}

@Article{cs87,
  author = 	 "Benoit Cou{\"{e}}t and Gary S. Strumolo",
  title = 	 "The Effects of Surface Tension and Tube Inclination
		  on a Two-Dimensional Rising Bubble",
  journal =	 JFM,
  year =	 1987,
  volume =	 184,
  pages =	 "1--14"
}

@InProceedings{ffm83,
  author = 	 "J. Fabre and G. Ferschneider and L. Masbernat",
  title = 	 "Intermittent Gas-Liquid Flow Modelisation in
		  Horizontal or Slightly-Inclined Pipes",
  pages =	 "233--254",
  booktitle =	 "Int.\ Conf.\ Phys.\ Mod.\ Multi-Phase Flow",
  year =	 1983,
  organization = "BHRA",
  address =	 "Coventry",
  month =	 "April"
}

@Article{fl92,
  author = 	 "J. Fabre and A. Lin{\'{e}}",
  title = 	 "Modeling of Two-Phase Slug Flow",
  journal =	 ARFM,
  year =	 1992,
  volume =	 24,
  pages =	 "21--46"
}

@Article{gc70,
  author = 	 "G. C. Gardner and I. G. Crow",
  title = 	 "The Motion of Large Bubbles in Horizontal Channels",
  journal =	 JFM,
  year =	 1970,
  volume =	 43,
  number =	 2,
  pages =	 "247--255"
}

@Article{hbo95,
  author = 	 {Alex C. Hoffmann and Hermann A. van den Bogaard},
  title = 	 {A Numerical Investigation of Bubbles Rising at Intermediate
                 {Reynolds} and Large {Weber} Numbers},
  journal = 	 {Ind.\ Eng.\ Chem.\ Res.},
  year = 	 1995,
  volume =	 34,
  pages =	 {366--372}
}

@Article{jjl89,
  author = 	 "J. J. J. Chen and M. Jamialahmadi and S. M. Li",
  title = 	 "Effect of Liquid Depth on Circulation in Bubble
		  Columns: A Visual Study",
  journal =	 CERD,
  year =	 1989,
  volume =	 67,
  pages =	 "203--207"
}

@Article{lb93a,
  author = 	 "T. J. Liu and S. G. Bankoff",
  title = 	 "Structure of Air-Water Bubbly Flow in a Vertical
		  Pipe---{1}. {Liquid} Mean Velocity and Turbulence
		  Measurements",
  journal =	 IJMHT,
  year =	 1993,
  volume =	 36,
  number =	 4,
  pages =	 "1049--1060"
}

@Article{lb93b,
  author = 	 "T. J. Liu and S. G. Bankoff",
  title = 	 "Structure of Air-Water Bubbly Flow in a Vertical
		  Pipe---{2}.  {Void} Fraction, Bubble Velocity and
		  Bubble Size Distribution",
  journal =	 IJMHT,
  year =	 1993,
  volume =	 36,
  number =	 4,
  pages =	 "1061--1072"
}

@Article{liu93,
  author = 	 "T. J. Liu",
  title = 	 "Bubble Size and Entrance Length Effects on Void
		  Development in a Vertical Channel",
  journal =	 IJMF,
  year =	 1993,
  volume =	 19,
  number =	 1,
  pages =	 "99--113"
}

@Article{man95,
  author = 	 "Charles M. Maneri",
  title = 	 "New Look at Wave Analogy for Prediction of Bubble
		  Terminal Velocities",
  journal =	 AIChEJ,
  year =	 1995,
  volume =	 41,
  number =	 3,
  pages =	 "482--487"
}

@Article{max91,
  author = 	 {T. Maxworthy},
  title = 	 {Bubble Rise Under an Inclined Plate},
  journal = 	 JFM,
  year = 	 1991,
  volume =	 229,
  pages =	 {659--674}
}

@Article{md90,
  author = 	 "Zai-Sha Mao and A. E. Dukler",
  title = 	 "Motion of {Taylor} Bubbles in Vertical
		  Tubes. {I}. {A} Numerical Simulation for the Shape
		  and Rise Velocity of {Taylor} Bubbles in Stagnant and
		  Flowing Liquid",
  journal =	 JCP,
  year =	 1990,
  volume =	 91,
  pages =	 "132--160"
}

@Article{mgkd96,
  author = 	 "T. Maxworthy and C. Gnann and M. K{\"{u}}rten and F. Durst",
  title = 	 "Experiments on the Rise of Air Bubbles in Clean
		  Viscous Fluids",
  journal =	 JFM,
  year =	 1996,
  volume =	 321,
  pages =	 "421--441"
}

@Article{mmb95,
  author = 	 "E. Moursali and J. L. Mari{\'{e}} and J. Bataille",
  title = 	 "An Upward Turbulent Bubbly Boundary Layer Along a
		  Vertical Flat Plate",
  journal =	 IJMF,
  year =	 1995,
  volume =	 21,
  number =	 1,
  pages =	 "107--117"
}

@Article{mn67,
  author = 	 "G. Marrucci and L. Nicodemo",
  title = 	 "Coalescence of Gas Bubbles in Aqueous Solutions of
		  Inorganic Electrolytes",
  journal =	 CES,
  year =	 1967,
  volume =	 22,
  pages =	 "1257--1265"
}

@Article{mz74,
  author = 	 "C. C. Maneri and N. Zuber",
  title = 	 "An Experimental Study of Plane Bubbles Rising at
		  Inclination",
  journal =	 IJMF,
  year =	 1974,
  volume =	 1,
  pages =	 "623--645"
}

@TechReport{nt94,
  author = 	 "M. R. Nobari and G. Tryggvason",
  title = 	 "The Flow Induced by the Coalescence of Two Initially
		  Stationary Drops",
  institution =  "NASA",
  year = 	 1994,
  number =	 "TM-106752"
}

@TechReport{qc95,
  author = 	 "Kangxing Qian and J. J. J. Chen",
  title = 	 "A Study of Bubble Resistance in an Electrolytic Cell",
  institution =  "Univ.\ of Auckland",
  year = 	 1995
}

@Article{td76,
  author = 	 "Yemeda Taitel and A. E. Dukler",
  title = 	 "A Model for Predicting Flow Regime Transitions in
		  Horizontal and Near Horizontal Gas--Liquid Flow",
  journal =	 AIChEJ,
  year =	 1976,
  volume =	 22,
  number =	 1,
  pages =	 "47--55"
}

@Article{tm93,
  author = 	 "John A. Trapp and Glen A. Mortensen",
  title = 	 "A Discrete Particle Model for Bubble-Slug Two-Phase Flows",
  journal =	 JCP,
  year =	 1993,
  volume =	 107,
  pages =	 "367--377"
}

@Article{war86,
  author = 	 "M. E. Weber and A. Alarie and M. E. Ryan",
  title = 	 "Velocities of Extended Bubbles in Inclined Tubes",
  journal =	 CES,
  year =	 1986,
  volume =	 41,
  number =	 9,
  pages =	 "2235--2240"
}

@Article{wb62,
  author = 	 "E. T. White and R. H. Beardmore",
  title = 	 "The Velocity of Rise of Single Cylindrical Air
		  Bubbles Through Liquids Contained in Vertical Tubes",
  journal =	 CES,
  year =	 1962,
  volume =	 17,
  pages =	 "351--361"
}

@InProceedings{zctw91,
  author = 	 "W. D. Zhang and J. J. J. Chen and M. P. Taylor and
		  B. J. Welch",
  title = 	 "Modelling of Anode Gas Evolution in a {Hall}--{Heroult}
		  Cell",
  year =         1991,
  pages =	 "721--727",
  booktitle =	 "19th A/Asian Chem.\ Engng Conf.",
  address =	 "Newcastle"
}

@Article{mcb93,
  author = 	 {S. H. Marshall and M. W. Chudasek and D. F. Bagster},
  title = 	 {A Model for Bubble Formation from an Orifice with
                  Liquid Cross-flow},
  journal = 	 CES,
  year = 	 1993,
  volume =	 48,
  number =	 11,
  pages =	 {2049--2059}
}

@PhdThesis{dias99,
  author = 	 {Maria In{\^{e}}s Pereira Dias},
  title = 	 {Bubble Formation at a Multiple Orifice Plate Submerged 
                  in Quiescent Fluid},
  school = 	 {Univ.\ Libre de Bruxelles and VKI},
  year = 	 1999
}

