% $Id$
%%%%%%%%%%%%%%%%%%%%%%%%%%%%%%%%%%%%%%%%%%%%%%%%%%%%%%%%%%%%%%%%%%%%%%%%%%%%%%

@Article{aris56,
  author = 	 {Rutherford Aris},
  title = 	 {On the Dispersion of a Solute in a Fluid Flowing
                  Through a Tube},
  journal = 	 PRSLA,
  year = 	 1956,
  volume =	 235,
  pages =	 {67--77}
}

@Article{git53,
  author = 	 {Geoffrey I. Taylor},
  title = 	 {Dispersion of Soluble Matter in Solvent Flowing
                  Slowly Through a Tube},
  journal = 	 PRSLA,
  year = 	 1953,
  volume =	 219,
  pages =	 {186--203}
}

@Article{shale91,
  author = 	 {Ashish Shankar and Abraham M. Lenhoff},
  title = 	 {Dispersion and Partitioning in Short Coated Tubes},
  journal = 	 IECR,
  year = 	 1991,
  volume =	 30,
  pages =	 {828--835}
}

@Article{aris59,
  author = 	 {Rutherford Aris},
  title = 	 {On the Dispersion of a Solute by Diffusion, Convection
                  and Exchange Between Phases},
  journal = 	 PTRSA,
  year = 	 1959,
  volume =	 252,
  pages =	 {538--550}
}

@Article{dasc83,
  author = 	 {M. R. Davidson and R. C. Schroter},
  title = 	 {A Theoretical Model of Adsorption of Gases
                  by the Bronchial Wall},
  journal = 	 JFM,
  year = 	 1983,
  volume =	 129,
  pages =	 {313--335}
}

@Article{gils70,
  author = 	 {W. N. Gill and R. Sankarasubramanian},
  title = 	 {Exact Analysis of Unsteady Convective Diffusion},
  journal = 	 PRSLA,
  year = 	 1970,
  volume =	 316,
  pages =	 {341--350}
}

@Article{golat79,
  author = 	 {Marcel J. E. Golay and John G. Atwood},
  title = 	 {Early Phases of the Dispersion of a Sample
                  Injected in Poiseuille Flow},
  journal = 	 CHROMA,
  year = 	 1979,
  volume =	 186,
  pages =	 {353--370}
}

@InCollection{golay58,
  author = 	 {Marcel J. E. Golay},
  title = 	 {Theory of Chromatography in Open and Coated Tubular
                  Columns with Round and Rectangular Cross-Sections},
  booktitle = 	 {Gas Chromatography 1958},
  pages =	 {36--53},
  publisher =	 {Butterworth},
  year =	 1958,
  editor =	 {D. H. Desty},
  chapter =	 3
}

@Article{golay80,
  author = 	 {Marcel J. E. Golay},
  title = 	 {The Dynamic Diffusion Constant within Fluid Flow in an Open
                  Straight Tube with and Elliptical Cross-Section},
  journal = 	 CHROMA,
  year = 	 1980,
  volume =	 196,
  pages =	 {349--354}
}

@InProceedings{hkmfsaw98,
  author = 	 {Mary L. Hudson and Richard Kottenstette and Carolyn M.
                  Matzke and Greg C. Frye-Mason and Kim A. Shollenberger
                  and Doug R. Adkins and C. Channy Wong},
  title = 	 {Design, Testing, and Simulation of Microscale
                  Gas Chromatography Columns},
  booktitle = 	 {Micro-Electro-Mechanical Systems},
  pages =	 {207--214},
  year =	 1998,
  organization = {ASME}
}

@Article{nicknnoel90,
  author = 	 {A. N. Stokes and N. G. Barton},
  title = 	 {The Concentration Distribution Produced by Shear Dispersion
                  of Solute in {P}oiseuille Flow},
  journal = 	 JFM,
  year = 	 1990,
  volume =	 210,
  pages =	 {201--221}
}

@Article{noel76a,
  author = 	 {N. G. Barton},
  title = 	 {The Dispersion of a Buoyant Solute in Laminar Flow
                  in a Straight Horizontal Pipe. {P}art 1.  {P}redictions
                  from {E}rdogan \& {C}hatwin's (1967) Paper},
  journal = 	 JFM,
  year = 	 1976,
  volume =	 74,
  pages =	 {81--89}
}

@Article{noel76b,
  author = 	 {N. G. Barton},
  title = 	 {The Dispersion of a Buoyant Solute in Laminar Flow
                  in a Straight Horizontal Pipe. {P}art 1.
                  {T}he Approach to the Asymptotic State},
  journal = 	 JFM,
  year = 	 1976,
  volume =	 74,
  pages =	 {91--112}
}

@Article{noel78,
  author = 	 {N. G. Barton},
  title = 	 {The Initial Dispersion of Soluble Matter
                  in Three-Dimensional Flow},
  journal = 	 JAMS,
  year = 	 1978,
  volume =	 20,
  pages =	 {265--279}
}

@Article{noel83a,
  author = 	 {N. G. Barton},
  title = 	 {On the Method of Moments for Solute Dispersion},
  journal = 	 JFM,
  year = 	 1983,
  volume =	 126,
  pages =	 {205--218}
}

@Article{noel83b,
  author = 	 {N. G. Barton},
  title = 	 {The Dispersion of Solute from Time-Dependent
                  Releases in Parallel Flow},
  journal = 	 JFM,
  year = 	 1983,
  volume =	 136,
  pages =	 {243--267}
}

@Article{noel84,
  author = 	 {N. G. Barton},
  title = 	 {An Asymptotic Theory for Dispersion of Reactive
                  Contaminants in Parallel Flow},
  journal = 	 JAMS,
  year = 	 1984,
  volume =	 25,
  pages =	 {287--310}
}

@Article{noel86,
  author = 	 {N. G. Barton},
  title = 	 {Solute Dispersion and Weak Second-Order Recombination
                  at Large Times in Parallel Flow},
  journal = 	 JFM,
  year = 	 1986,
  volume =	 164,
  pages =	 {289--303}
}

@Article{phik98,
  author = 	 {C. G. Phillips and S. R. Kaye},
  title = 	 {Approximate Solutions for Developing Shear Dispersion
                  with Exchange Between Phases},
  journal = 	 JFM,
  year = 	 1998,
  volume =	 374,
  pages =	 {195--219}
}

@Article{pkr95,
  author = 	 {C. G. Phillips and S. R. Kaye and C. D. Robinson},
  title = 	 {Time-Dependent Transport by Convection and Diffusion
                  with Exchange Between Two Phases},
  journal = 	 JFM,
  year = 	 1995,
  volume =	 297,
  pages =	 {373--401}
}

@Article{pur88,
  author = 	 {Anton Purnama},
  title = 	 {Boundary Retention Effects upon Contaminant Dispersion
                  in Parallel Shear Flows},
  journal = 	 JFM,
  year = 	 1988,
  volume =	 195,
  pages =	 {393--412}
}

@Article{pur95,
  author = 	 {Anton Purnama},
  title = 	 {The Dispersion of Chemically Active Solutes
                  in Parallel Flow},
  journal = 	 JFM,
  year = 	 1995,
  volume =	 290,
  pages =	 {263--277}
}

@Article{sdcc93,
  author = 	 {D. K. Schisla and Hongbing Ding and P. W. Carr and
                  E. L. Cussler},
  title = 	 {Polydisperse Tube Diameters Compromise Multiple Open
                  Tubular Chromatography},
  journal = 	 AIChEJ,
  year = 	 1993,
  volume =	 39,
  number =	 6,
  pages =	 {946--953}
}

@InProceedings{span98,
  author = 	 {Glenn E. Spangler},
  title = 	 {Modification of {G}olay's Theory for Rectangular
                  Microfabricated Gas Chromatograph Columns},
  booktitle = 	 {Micro-Electro-Mechanical Systems},
  pages =	 {215--222},
  year =	 1998,
  organization = {ASME}
}

@Article{dule03,
  author = 	 {Debashis Dutta and David T. Leighton, Jr.},
  title = 	 {Dispersion in Large Aspect Ratio Microchannels for
                  Open-Channel Liquid Chromatogrpahy},
  journal = 	 {Anal.\ Chem.},
  year = 	 2003,
  volume =	 75,
  pages =	 {57--70}
}

