
@Article{bilger76,
  author = 	 {R. W. Bilger},
  title = 	 {Turbulent Jet Diffusion Flames},
  journal = 	 PECS,
  year = 	 1976,
  volume =	 1,
  pages =	 {87--109}
}

@Article{cosh87,
  author = 	 {S. M. Correa and W. Shyy},
  title = 	 {Computational Models and Methods for Continuous Gaseous
                  Turbulent Combustion},
  journal = 	 PECS,
  year = 	 1987,
  volume =	 13,
  number =	 4,
  pages =	 {249--292}
}

@InProceedings{ferz97,
  author = 	 {J. H. Ferziger},
  title = 	 {Simulation of Reacting Flows: Contributions to Modeling},
  booktitle = 	 {1st Int.\ COnf.\ CFD Min.\ \& Met.\ Proc.\ \& Power Gen.},
  pages =	 {1--14},
  year =	 1997,
  month =	 {July},
  organization = {CSIRO}
}

@Article{vepo98,
  author = 	 {L. Versich and T. Poinsot},
  title = 	 {Direct Numerical Simulations of\
                  Non-Premixed Turbulent Flames},
  journal = 	 ARFM,
  year = 	 1998,
  volume =	 30,
  pages =	 {655--92}
}

@Article{ties01,
  author = 	 {S. R. Tieszen},
  title = 	 {On the Fluid Mechanics of Fires},
  journal = 	 ARFM,
  year = 	 2001,
  volume =	 33,
  pages =	 {67--92}
}

@Article{bilger89,
  author = 	 {R. W. Bilger},
  title = 	 {Turbulent Diffusion Flames},
  journal = 	 ARFM,
  year = 	 1989,
  volume =	 21,
  pages =	 {101--35}
}

