@Article{tcx01,
  author = 	 {Hua-Zhong Tang and Ping Ching and Kun Xu},
  title = 	 {Numerical Simulations of Resonant Oscillations in a Tube},
  journal = 	 NHTA,
  year = 	 2001,
  volume =	 40,
  pages =	 {37--54}
}

