% $Id$
%%%%%%%%%%%%%%%%%%%%%%%%%%%%%%%%%%%%%%%%%%%%%%%%%%%%%%%%%%%%%%%%%%%%%%%%%%%%%%%

@article{bewley2001fcn,
  title={{Flow control: new challenges for a new Renaissance}},
  author={Bewley, T.R.},
  journal={Progress in Aerospace Sciences},
  volume={37},
  number={1},
  pages={21--58},
  year={2001},
  publisher={Elsevier}
}

@article{kim2007lsa,
  title={{A Linear Systems Approach to Flow Control}},
  author={Kim, J. and Bewley, T.R.},
  journal={ANNUAL REVIEW OF FLUID MECHANICS},
  volume={39},
  pages={383},
  year={2007},
  publisher={Annual Reviews}
}
