
@Article{britter89,
  author = 	 {Rex E. Britter},
  title = 	 {Atmospheric Dispersion of Dense Gases},
  journal = 	 ARFM,
  year = 	 1989,
  volume =	 21,
  pages =	 {317--344}
}

@Article{mtg94,
  author = 	 "W. H. Melbourne and T. J. Taylor and C. F. Grainger",
  title = 	 "Dispersion Modelling in Convective Wind Flows",
  journal =	 AE,
  year =	 1994,
  volume =	 28,
  number =	 11,
  pages =	 "1879--1885"
}

