
@TechReport{high88,
  author = 	 "S. A. Higgins and G. J. Houston",
  title = 	 "Full Scale Water Modelling of the {LEC}",
  institution =  "Comalco Research Centre",
  year = 	 1988,
  number =	 "87/44",
  month =	 "January"
}

@TechReport{rgg95,
  author = 	 "R. G. German",
  title = 	 "{TiB$_2$} Grain Size Distributions",
  institution =  "Pennsylvania State University",
  year = 	 1995
}

@InProceedings{kassk88,
  author = 	 "D. Kasherman and M. Skyllas-Kazacos",
  title = 	 "Effects of Varying Anode--Cathode Distance in an
		  Aluminium Electrolysis Cell with a Sloping TiB$_2$
		  Composite Cathode",
  volume =	 "CHEMECA'88",
  pages =	 "268--273",
  year =	 1988,
  address =	 "Sydney",
  month =	 "August"
}

@PhdThesis{wat93,
  author = 	 "K. D. Watson",
  title = 	 "A Study on the Use of a Carbon--{TiB$_2$} Composite
		  in a Drained Cathode Aluminium Reduction Cell",
  school = 	 "University of Toronto",
  year = 	 1993
}

