
@Article{mehta77,
  author = 	 {R. D. Mehta},
  title = 	 {The Aerodynamic Design of Blower Tunnels with
                  Wide-Angle Diffusers},
  journal = 	 PAS,
  year = 	 1977,
  volume =	 18,
  pages =	 {59--120}
}

@Article{john98,
  author = 	 {J. P Johnston},
  title = 	 {Review: Diffuser Design and Performance Analysis
                  by a Unified Integral Method},
  journal = 	 JFE,
  year = 	 1998,
  volume =	 120,
  pages =	 {6--18}
}

@Article{saws87,
  author = 	 {B. Sahin and A. J. Ward-Smith},
  title = 	 {The Use of Perforated Plates to Control the Flow
                  Emerging from a Wide-Angle Diffuser, with Application
                  to Electrostatic Precipitator Design},
  journal = 	 HFF,
  year = 	 1987,
  volume =	 8,
  number =	 2,
  pages =	 {124--131}
}

@Article{swsl95,
  author = 	 {B. Sahin and A. J. Ward-Smith and D. Lane},
  title = 	 {The Pressure Drop and Flow Characteristics of Wide-Angle
                  Screened Diffusers of Large Area Ratio},
  journal = 	 JWEIA,
  year = 	 1995,
  volume =	 58,
  pages =	 {35--50}
}

@Article{faxi90,
  author = 	 {Cesar Farell and Lunxi Xia},
  title = 	 {A Note on the Design of Screen-Filled Wide-Angle Diffusers},
  journal = 	 JWEIA,
  year = 	 1990,
  volume =	 33,
  pages =	 {479--486}
}

@Article{saws90,
  author = 	 {B. Sahin and A. J. Ward-Smith},
  title = 	 {Effect of Perforated Plates on Wide-Angle Diffuser-Exit
                  Velocity Profiles},
  journal = 	 JWEIA,
  year = 	 1990,
  volume =	 34,
  pages =	 {113--125}
}

@Article{saws91,
  author = 	 {B. Sahin and A. J. Ward-Smith},
  title = 	 {Flow Control by Perforated Plates Using a Blanking
                  Technique in Wide-Angle Diffusers Employed in
                  Practical Electrostatic Precipitator Systems},
  journal = 	 JWEIA,
  year = 	 1991,
  volume =	 37,
  pages =	 {269--284}
}

