% $Id$
%%%%%%%%%%%%%%%%%%%%%%%%%%%%%%%%%%%%%%%%%%%%%%%%%%%%%%%%%%%%%%%%%%%%%%%%%%%%%%

@Article{begh97,
  author = 	 {M. Beizaie and M. Gharib},
  title = 	 {Fundamentals of a Liquid (Soap) Film Tunnel},
  journal = 	 EF,
  year = 	 1997,
  volume =	 23,
  pages =	 {130--140}
}

@Article{tt89,
  author = 	 {T. T. Lim},
  title = 	 {An Experimental Study of a Vortex Ring Interacting
                  with an Inclined Wall},
  journal = 	 EF,
  year = 	 1989,
  volume =	 7,
  pages =	 {453--463}
}

@Article{dswmt03,
  author = 	 {S. Devasenathipathy and J. G. Santiago and S. T. Wereley
                  and C. D. Meinhart and K. Takehara},
  title = 	 {Particle Imaging Techniques for Microfabricated Fluidic
                  Systems},
  journal = 	 EF,
  year = 	 2003,
  volume =	 34,
  pages =	 {504--514}
}

@Article{swmba98,
  author = 	 {J. G. Santiago and S. T. Wereley and C. D. Meinhart and
                  D. J. Beebe and R. J. Adrian},
  title = 	 {A Particle Image Velocimetry System for Microfluidics},
  journal = 	 EF,
  year = 	 1998,
  volume =	 25,
  pages =	 {316--319}
}

@Article{mwg00,
  author = 	 {C. D. Meinhart and S. T. Wereley and M. H. B. Gray},
  title = 	 {Volume Illumination for Two-Dimensional Particle
                  Image Velocimetry},
  journal = 	 {Meas.\ Sci.\ Technol.},
  year = 	 2000,
  volume =	 11,
  pages =	 {809--814}
}

@Article{ds02,
  author = 	 {S. Devasenathipathy and J. G. Santiago},
  title = 	 {Particle Tracking Techniques for Electrokinetic 
                  Microchannel Flows},
  journal = 	 {Anal.\ Chem.},
  year = 	 2002,
  volume =	 74,
  pages =	 {3704--3713}
}

