% $Id$
%%%%%%%%%%%%%%%%%%%%%%%%%%%%%%%%%%%%%%%%%%%%%%%%%%%%%%%%%%%%%%%%%%%%%%%%%%%%%%%

@InProceedings{morton69,
  author = 	 {B. R. Morton},
  title = 	 {The physics of fire whirls},
  booktitle =    {Mass Fire Symposium},
  year = 	 1969,
  address = 	 {Canberra},
  note = 	 {Paper B1}}


@Article{kssw08,
  author = 	 {K. Kuwana and K. Sekimoto and K. Saito and F. A. Williams},
  title = 	 {Scaling fire whirls},
  journal = 	 {Fire Safety J.},
  year = 	 2008,
  volume = 	 43,
  pages = 	 {252--257}}



@Article{brb00,
  author = 	 {F. Battaglia and R. G. Rehm and H. R. Baum},
  title = 	 {The fluid mechanics of fire whirls: An inviscid model},
  journal = 	 PF,
  year = 	 2000,
  volume = 	 12,
  pages = 	 {2859--2867}}

