
@Article{lika98,
  author = 	 {H. Liu and K. Kawachi},
  title = 	 {A Numerical Study of Insect Flight},
  journal = 	 JCP,
  year = 	 1998,
  volume =	 146,
  pages =	 {124--156}
}

@Article{jdp98,
  author = 	 {K. D. Jones and C. M. Dohring and M. F. Platzer},
  title = 	 {Experimental and Computational Investigation of the
                  {Knoller}--{Betz} Effect},
  journal = 	 AIAA,
  year = 	 1998,
  volume =	 36,
  number =	 7,
  pages =	 {1240--1246}
}

@Article{lp99,
  author = 	 {J. C. S. Lai and M. F. Platzer},
  title = 	 {Jet Characteristics of a Plunging Airfoil},
  journal = 	 AIAAJ,
  year = 	 1999,
  volume =	 37,
  number =	 12,
  pages =	 {1529--1537}
}

@Article{asbt98,
  author = 	 {J. M. Anderson and K. Streitlien and
                  D. S. Barrett and M. S. Triantafyllou},
  title = 	 {Oscillating Foils of High Propulsive Efficiency},
  journal = 	 JFM,
  year = 	 1998,
  volume =	 360,
  pages =	 {41--72}
}

@Article{chou97,
  author = 	 {Mo-Hong Chou},
  title = 	 {Synchronization of Vortex Shedding From a Cylinder
                  Under Rotary Oscillation},
  journal = 	 CF,
  year = 	 1997,
  volume =	 26,
  number =	 8,
  pages =	 {755--774}
}

@Article{hall96,
  author = 	 "Kenneth C. Hall and Steven R. Hall",
  title = 	 "Minimum Induced Power Requirements for Flapping Flight",
  journal =	 JFM,
  year =	 1996,
  volume =	 323,
  pages =	 "285--315"
}

@Article{koo89,
  author = 	 {Monoochehr M. Koochesfahani},
  title = 	 {Vortical Patterns in the Wake of an Oscillating Airfoil},
  journal = 	 AIAAJ,
  year = 	 1989,
  volume =	 27,
  number =	 9,
  pages =	 {1200--1205}
}

@Article{lusa96,
  author = 	 {X.-Y. Lu and J. Sato},
  title = 	 {A Numerical Study of Flow Past a Rotationally Oscillating
                  Circular Cylinder},
  journal = 	 JFS,
  year = 	 1996,
  volume =	 10,
  pages =	 {829--849}
}

@Article{smith96,
  author = 	 "Michael J. C. Smith",
  title = 	 "Simulating Moth Wing Aerodynamics: Towards the
		  Development of Flapping-Wing Technology",
  journal =	 AIAA,
  year =	 1996,
  volume =	 34,
  number =	 7,
  pages =	 "1348--1355"
}

@Article{strtri98,
  author = 	 {K. Streitlen and G. S. Triantafyllou},
  title = 	 {On Thrust Estimates for Flapping Foils},
  journal = 	 JFS,
  year = 	 1998,
  volume =	 12,
  pages =	 {47--55}
}

@Article{stt96,
  author = 	 {Knut Streitlien and George S. Triantafyllou and
                  Michael S. Triantafyllou},
  title = 	 {Efficient Foil Propulsion Through Vortex Control},
  journal = 	 AIAA,
  year = 	 1996,
  volume =	 34,
  number =	 11,
  pages =	 {2315--2319}
}

@Article{tan78,
  author = 	 {S. Taneda},
  title = 	 {Visual Observations of the Flow Past a Circular Cylinder
                  Performing Rotary Oscillation},
  journal = 	 {J. Phys.\ Soc.\ Japan},
  year = 	 1978,
  volume =	 45,
  pages =	 {1038--1043}
}

@Article{td91,
  author = 	 "P. T. Tokumaru and P. E. Dimotakis",
  title = 	 "Rotary Oscillation Control of a Cylinder Wake",
  journal =	 JFM,
  year =	 1991,
  volume =	 224,
  pages =	 "77--90"
}

@Article{td93,
  author = 	 {P. T. Tokumaru and P. E. Dimotakis},
  title = 	 {The Lift of a Cylinder Executing Rotary Motions in a 
                  Uniform Flow},
  journal = 	 JFM,
  year = 	 1993,
  volume =	 255,
  pages =	 {1--10}
}

@InProceedings{tritri92,
  author = 	 {George S. Triantafyllou and Michael S. Triantafyllou},
  title = 	 {Reverse {K}{\'{a}}rm{\'{a}}n Streets in the Wake of 
                  Flapping Foils for Application in Fish Propulsion},
  booktitle = 	 {Bluff-Body Wakes, Dynamics and Instabilities},
  year =	 1992,
  editor =	 {H. Eckelmann and J. M. R. Graham and P. Huerre and
                  P. A. Monkewitz},
  address =	 {G{\"{o}}ttingen},
  organization = {IUTAM},
  publisher =	 {Springer}
}

@Article{tritrigo91,
  author = 	 {M. S. Triantafyllou and G. S. Triantafyllou
                  and R. Gopalkrishnan},
  title = 	 {Wake Mechanics for Thrust Generation in Oscillating Foils},
  journal = 	 PoFA,
  year = 	 1991,
  volume =	 3,
  number =	 12,
  pages =	 {2835--2837}
}

@Article{ttg93,
  author = 	 {G. S. Triantafyllou and M. S. Triantafyllou and 
                  M. A. Grosenbach},
  title = 	 {Optimal Thrust Development in Oscillating Foils with
                  Application to Fish Propulsion},
  journal = 	 JFS,
  year = 	 1993,
  volume =	 7,
  pages =	 {205--224}
}

@Article{veka96,
  author = 	 "Michael S. Vest and Joseph Katz",
  title = 	 "Unsteady Aerodynamic Model of Flapping Wings",
  journal =	 AIAA,
  year =	 1996,
  volume =	 34,
  number =	 7,
  pages =	 "1345--1440"
}

@Article{wu61,
  author = 	 {T. Yao-Tsu Wu},
  title = 	 {Swimming of a Waving Plate},
  journal = 	 JFM,
  year = 	 1961,
  volume =	 10,
  pages =	 {321-344}
}
