
@Article{ben68,
  author = 	 "T. Brooke Benjamin",
  title = 	 "Gravity Currents and Related Phenomena",
  journal =	 JFM,
  year =	 1968,
  volume =	 31,
  number =	 2,
  pages =	 "209--248"
}

@Article{van75,
  author = 	 "Vito A. Vanoni",
  title = 	 "River Dynamics",
  journal =	 AAM,
  year =	 1975,
  volume =	 15,
  pages =	 "1--87"
}


