% $Id$
%%%%%%%%%%%%%%%%%%%%%%%%%%%%%%%%%%%%%%%%%%%%%%%%%%%%%%%%%%%%%%%%%%%%%%%%%%%%%%%

@Article{bld02,
  author = 	 {T. Berning and D. M. Lu abd N. Djilali},
  title = 	 {Three-Dimensional Computational Analysis of Transport
                  Phenomena in a {PEM} Fuel Cell},
  journal = 	 JPS,
  year = 	 2002,
  volume =	 106,
  pages =	 {284--294}
}

@Article{lswzc03,
  author = 	 {P.-W. Li and L. Schaefer and Q.-M. Wang and T. Zhang
                  and M. K. Chyu},
  title = 	 {Multi-Gas Transportation and Electrochemical Performance
                  of a Polymer Electrolyte Fuel Cell with Complex Flow
                  Channels},
  journal = 	 JPS,
  year = 	 2003,
  volume =	 115,
  pages =	 {90--100}
}

@Article{bnd04,
  author = 	 {P. T. Nguyen and T. Berning and N. Djilali},
  title = 	 {Computational Model of a {PEM} Fuel Cell with
                  Serpentine Gas Flow Channels},
  journal = 	 JPS,
  year = 	 2004,
  volume =	 130,
  pages =	 {149--157}
}

@Article{umwa04,
  author = 	 {S. Um and C. Y. Wang},
  title = 	 {Three-Dimensional Analysis of Transport and Electrochemical
                  Reactions in Polymer Electrolyte Fuel Cells},
  journal = 	 JPS,
  year = 	 2004,
  volume =	 125,
  pages =	 {40--51}
}

@Article{zhpo04,
  author = 	 {K. Zhukovsky and A. Pozio},
  title = 	 {Maximum Current Limitations of the {PEM} Fuel Cell
                  with Serpentine Gas Supply Channels},
  journal = 	 JPS,
  year = 	 2004,
  volume =	 130,
  pages =	 {95--105}
}

@Article{bedj03,
  author = 	 {T. Berning and N. Djilali},
  title = 	 {A {3D}, Multiphase, Multicomponent Model of the Cathode
                  and Anode of a {PEM} Fuel Cell},
  journal = 	 JES,
  year = 	 2003,
  volume =	 150,
  number =	 12,
  pages =	 {A1589--98}
}

@Article{juwa04,
  author = 	 {H. Ju and C.-Y. Wang},
  title = 	 {Experimental Validation of a {PEM} Fuel Cell Model by
                  Current Distribution Data},
  journal = 	 JES,
  year = 	 2004,
  volume =	 151,
  number =	 11,
  pages =	 {A1954--60}
}

@Article{nbivll04,
  author = 	 {M. Noponen and E. Birgersson and J. Ihonen and M. Vynnycky
                  and A. Lundblad and G. Lindberg},
  title = 	 {A Two-Phase Non-Isothermal {PEFC} Model: Theory and
                  Validation},
  journal = 	 {Fuel Cells},
  year = 	 2004,
  volume =	 4,
  number =	 4,
  pages =	 {365--377}
}

@Article{yshz04,
  author = 	 {J. Yang and B. Sunden and M. Hou and H. Zhang},
  title = 	 {Three-Dimensional Analysis of Two-Phase Flow
                  and its Effects on the Cell Performance},
  journal = 	 NHT,
  year = 	 2004,
  volume =	 46,
  pages =	 {669--694}
}

