% $Id$
%%%%%%%%%%%%%%%%%%%%%%%%%%%%%%%%%%%%%%%%%%%%%%%%%%%%%%%%%%%%%%%%%%%%%%%%%%%%%%

@Article{masker99,
  author = 	 {D. M. Mason and R. R. Kerswell},
  title = 	 {Nonlinear Evolution of Elliptical Instability:
                  An Example of Inertia Wave Breakdown},
  journal = 	 JFM,
  year = 	 1999,
  volume =	 396,
  pages =	 {73--108}
}

@Article{kers99,
  author = 	 {R. R. Kerswell},
  title = 	 {Secondary Instabilities in Rapidly Rotating Fluids:
                  Inertial Wave Breakdown},
  journal = 	 JFM,
  year = 	 1999,
  volume =	 382,
  pages =	 {283--306}
}

@Article{ker96,
  author = 	 {R. R. Kerswell},
  title = 	 {Upper Bounds on the Energy Dissipation in
                  Turbulent Precession},
  journal = 	 JFM,
  year = 	 1996,
  volume =	 321,
  pages =	 {335--370}
}

@Article{kob95,
  author = 	 {J. J. Kobine},
  title = 	 {Inertial Wave Dynamics in a Rotating Precsssing Cylinder},
  journal = 	 JFM,
  year = 	 1995,
  volume =	 303,
  pages =	 {233--252}
}

@Article{man92,
  author = 	 {Richard Manasseh},
  title = 	 {Breakdown Regimes of Inertia Waves in a 
                  Precessing Cylinder},
  journal = 	 JFM,
  year = 	 1992,
  volume =	 243,
  pages =	 {261--296}
}

@Article{man94,
  author = 	 {Richard Manasseh},
  title = 	 {Distortions of Inertia Waves in a Rotating Fluid Cylinder
                  Forced Near its Fundamental Mode of Resonance},
  journal = 	 JFM,
  year = 	 1994,
  volume =	 265,
  pages =	 {345--370}
}

@Article{man96,
  author = 	 {Richard Manasseh},
  title = 	 {Nonlinear Behaviour of Contained Inertia Waves},
  journal = 	 JFM,
  year = 	 1996,
  volume =	 315,
  pages =	 {151--173}
}

@PhdThesis{wal85,
  author = 	 {Fabian Waleffe},
  title = 	 {The {3D} Instability of a Strained Vortex and its 
                  Relation to Turbulence},
  school = 	 {MIT},
  year = 	 1985
}

@TechReport{wal88,
  author = 	 {Fabian Waleffe},
  title = 	 {{3D} Instability of Bounded Elliptical Flow},
  institution =  {Woods Hole Oceanographic Institute},
  year = 	 1988,
  type =	 {GFD Fellow Report}
}

@Article{wal89,
  author = 	 {Fabian Waleffe},
  title = 	 {On the Three-Dimensional Instability of Strained Vortices},
  journal = 	 PoFA,
  year = 	 1989,
  volume =	 2,
  number =	 1,
  pages =	 {76--80}
}

@Article{wood65,
  author = 	 {W. W. Wood},
  title = 	 {Properties of Inviscid, Recirculating Flows},
  journal = 	 JFM,
  year = 	 1965,
  volume =	 22,
  number =	 2,
  pages =	 {337--346}
}

@Article{wood66,
  author = 	 {W. W. Wood},
  title = 	 {An Oscillatory Disturbance of a Rigidly Rotating Fluid},
  journal = 	 PRSA,
  year = 	 1966,
  volume =	 293,
  number =	 1433,
  pages =	 {181--212}
}

@Article{wood77,
  author = 	 {W. W. Wood},
  title = 	 {Inertial Oscillations in a Rigid Axisymmetric Container},
  journal = 	 PRSA,
  year = 	 1977,
  volume =	 358,
  pages =	 {17--30}
}

@Article{tibu01,
  author = 	 {A. Tilger and F. H. Busse},
  title = 	 {Fluid Flows in Precessing Spherical Shells},
  journal = 	 JFM,
  year = 	 2001,
  volume =	 426,
  pages =	 {387--396}
}

@Article{maas03,
  author = 	 {Leo R. M. Maas},
  title = 	 {On the Amphidronic Structure of Inertial Waves in a
                  Rectangular Parellelepiped},
  journal = 	 FDR,
  year = 	 2003,
  volume =	 33,
  pages =	 {373--401}
}

@Article{fultz59,
  author = 	 {D. Fultz},
  title = 	 {A note on ovestability and the elastoid-inertia 
                  oscillations of {Kelvin}, {Solberg}, and {Bjerknes}},
  journal = 	 {Meteorology},
  year = 	 1959,
  volume = 	 16,
  pages = 	 {199--208}}

@Article{lmne11,
  author = 	 {R. Lagrange and P. Meunier and F. Nadal and C. Eloy},
  title = 	 {Precessional instability of a fluid cylinder},
  journal = 	 JFM,
  year = 	 2011,
  volume = 	 666,
  pages = 	 {104--145}}

@Article{meln08,
  author = 	 {P. Meunier and C. Eloy and R. Lagrange and F. Nadal},
  title = 	 {A rotating fluid cylinder subject to weak precession},
  journal = 	 JFM,
  year = 	 2008,
  volume = 	 599,
  pages = 	 {405--440}}

@Article{lenm08,
  author = 	 {R. Lagrange and C. Eloy and F. Nadal and P. Meunier},
  title = 	 {Instability of fluid inside a precessing cylinder},
  journal = 	 PF,
  year = 	 2008,
  volume = 	 20,
  pages = 	 {081701-1--4}}

@Article{loma11,
  author = 	 {J. M. Lopez and F. Marques},
  title = 	 {Instabilities and inertial waves generated in a
                  librating cylilnder},
  journal = 	 JFM,
  year = 	 2011,
  volume = 	 687,
  pages = 	 {171--193}}

@Article{lizh12,
  author = 	 {X. Liao and K. Zhang},
  title = 	 {On flow in weakly precessing cylinders: the general
                  asymptotic solution},
  journal = 	 JFM,
  year = 	 2012,
  volume = 	 709,
  pages = 	 {610--621}}

@Article{klz14,
  author = 	 {D. Kong and X. Liao and K. Zhang},
  title = 	 {The sidewall-localized mode in a 
                  resonant precessing cylinder},
  journal = 	 PF,
  year = 	 2014,
  volume = 	 26,
  pages = 	 {051703-1--7}}

@Article{kelvin80,
  author = 	 {Kelvin, {Lord}},
  title = 	 {Vibrations of a columnar vortex},
  journal = 	 {Phil.\ Mag.},
  year = 	 1880,
  volume = 	 10,
  pages = 	 {155--168}}

@Article{mcewan70,
  author = 	 {A. D. McEwan},
  title = 	 {Inertial oscillations in a rotating fluid cylinder},
  journal = 	 JFM,
  year = 	 1970,
  volume = 	 40,
  number = 	 3,
  pages = 	 {603--640}}

@Article{mcewan71,
  author = 	 {A. D. McEwan},
  title = 	 {Degeneration of resonantly-excited standing
                  internal gravity waves},
  journal = 	 JFM,
  year = 	 1971,
  volume = 	 50,
  pages = 	 {431--448}}


@Article{malkus68,
  author = 	 {W. V. R. Malkus},
  title = 	 {Precession of the Earth as a cause of geomagnetism},
  journal = 	 {Science},
  year = 	 1968,
  volume = 	 160,
  pages = 	 {259--264}}

@InProceedings{ammlb14,
  author = 	 {T. Albrecht and P. Meunier and R. Mannaseh and 
                  J. M. Lopez and H. M. Blackburn},
  title = 	 {{PIV} of a precessing cylinder flow},
  booktitle =    {Proc.\ 19th A/Asian Fluid Mech.\ Conf.},
  year = 	 2014,
  address = 	 {Melbourne},
  month = 	 {December}}

@InProceedings{bamlm14,
  author = 	 {H. M. Blackburn and T. Albrecht  and R. Mannaseh 
                  and J. M. Lopez and P. Meunier},
  title = 	 {Instability in a precessing cylinder flow},
  booktitle =    {Proc.\ 19th A/Asian Fluid Mech.\ Conf.},
  year = 	 2014,
  address = 	 {Melbourne},
  month = 	 {December}}
