% $Id$
%%%%%%%%%%%%%%%%%%%%%%%%%%%%%%%%%%%%%%%%%%%%%%%%%%%%%%%%%%%%%%%%%%%%%%%%%%%%%%

@Article{ouhi00,
  author = 	 {P. Oullette and P. G. Hill},
  title = 	 {Turbulent Transient Gas Injections},
  journal = 	 JFE,
  year = 	 2000,
  volume =	 122,
  pages =	 {743--752}
}

@Article{dda97,
  author = 	 {Ionut Danaila and Jan Du{\v{s}}ek and Fabien Anselmet},
  title = 	 {Coherent Structures in a Round, Spatially Evolving,
                  Unforced, Homogeneous Jet at Low Reynolds Numbers},
  journal = 	 PoF,
  year = 	 1997,
  volume =	 9,
  number =	 11,
  pages =	 {3323--3342}
}

@Article{bbn98,
  author = 	 {B. J. Boersma and G. Brethouwer and F. T. M. Nieuwstadt},
  title = 	 {A Numerical Investigation on the Effect of Inflow Conditions
                  on the Self-Similar Region of a Round Jet},
  journal = 	 PoF,
  year = 	 1998,
  volume =	 10,
  number =	 4,
  pages =	 {899--909}
}

@Article{bch98,
  author = 	 {Paul Billant and Jean-Marc Chomaz and Patrick Huerre},
  title = 	 {Experimental Study of Vortex Breakdown in Swirling Jets},
  journal = 	 JFM,
  year = 	 1998,
  volume =	 376,
  pages =	 {183--219}
}

@Article{rpjl03,
  author = 	 {W. C. Reynolds and D. E. Parekh and P. J. D. Juvet and
                  M. J. D. Lee},
  title = 	 {Bifurcating and Blooming Jets},
  journal = 	 ARFM,
  year = 	 2003,
  volume =	 35,
  pages =	 {295--315}
}

@Article{dabo00,
  author = 	 {I. Danaila and B. J. Boersma},
  title = 	 {Direct Numerical Simulation of Bifurcating Jets},
  journal = 	 PF,
  year = 	 2000,
  volume = 	 12,
  number = 	 5,
  pages = 	 {1255--1257}}

@Article{hibo01,
  author = 	 {A. Hilgers and B. J. Boersma},
  title = 	 {Optimization of Turbulent Jet Mixing},
  journal = 	 FDR,
  year = 	 2001,
  volume = 	 29,
  pages = 	 345}

@Article{spg10,
  author = 	 {E. Sanmiguel-Rojas and C. del Pino and
                  C. Guti{\'{e}}rrez-Montes},
  title = 	 {Global mode analysis of a pipe flow through a 1:2
                  axisymmetric sudden expansion},
  journal = 	 PF,
  year = 	 2010,
  volume = 	 22,
  pages = 	 {071702-1--4}}

