% $Id$
%%%%%%%%%%%%%%%%%%%%%%%%%%%%%%%%%%%%%%%%%%%%%%%%%%%%%%%%%%%%%%%%%%%%%%%%%%%%%%%

@string{AAM    = "Adv.\ Appl.\ Mech."}
@string{ABE    = "Ann.\ Biomed.\ Eng."}
@string{AIAA   = "AIAA J."}
@string{AIAAJ  = "AIAA J."}
@string{AIChEJ = "A.\,I.\,Ch.\,E.\,J."}
@string{AICHEJ = "A.\,I.\,Ch.\,E.\,J."}
@string{AICHE  = "A.\,I.\,Ch.\,E.\,J."}
@string{AJ     = "Aero.\ J."}
@string{AMM    = "Appl.\ Math.\ Mod."}
@string{ANM    = "Appl.\ Num.\ Math."}
@string{ARBE   = "Annu.\ Rev.\ Biomed.\ Eng."}
@string{ARFM   = "Annu.\ Rev.\ Fluid Mech."}
@string{ARMA   = "Arch.\ Rat.\ Mech.\ Anal."}
@string{AS     = "Atomiz.\ Sprays"}
@string{ASR    = "Appl.\ Sci.\ Res."}
@string{ATE    = "Appl.\ Therm.\ Eng."}
@string{ATVB   = "Arter.\ Thromb.\ Vasc.\ Biol."}
@string{BJ     = "Biochem.\,J."}
@string{BLM    = "Boundary-Layer Met."}
@string{CACE   = "Computers and Chem.\ Eng."}
@string{CBM    = "Computers in Biol.\ \& Med."}
@string{CERD   = "Chem.\ Eng.\ Res.\ Des."}
@string{CES    = "Chem.\ Eng.\ Sci."}
@string{CF     = "Computers and Fluids"}
@string{CFD    = "Comp.\ Fluid Dyn."}
@string{CHROM  = "J.\,Chromatography"}
@string{CJCE   = "Can. J.\,Chem.\ Eng."}
@string{CM     = "Comput.\ Mech."}
@string{CMAME  = "Comp.\ Meth.\ Appl.\ Mech.\ \& Engng"}
@string{CME    = "Comp.\ Mech.\ Engng"}
@string{CP     = "Computers in Physics"}
@string{CUP    = "Cambridge University Press"}
@string{EF     = "Expts Fluids"}
@string{EJMB   = "Eur.\ J.\,Mech.~B/Fluids"}
@string{EJMBF  = "Eur.\ J.\,Mech.~B/Fluids"}
@string{EM     = "ASCE J.\,Eng.\ Mech."}
@string{ES     = "Engng Struct."}
@string{ETFS   = "Exptl Thermal \& Fluid Sci."}
@string{FEAD   = "Finite Elements Anal.\ Des."}
@string{FDR    = "Fluid Dyn.\ Res."}
@string{ICE    = "Trans.\ IChemE"}
@string{IECF   = "I.\,\&\,E.\,C.~Fund."}
@string{IECPDD = "Ind.\ Eng.\ Chem.\ Proc.\ Des.\ Dev."}
@string{IECR   = "Ind.\ Eng.\ Chem.\ Res."}
@string{IJBC   = "Intnl J.\,Bif.\ Chaos"}
@string{IJES   = "Intnl J.\,Engng Sci."}
@string{IJHE   = "Intnl J.\,Hydrogen Energy"}
@string{IJHFF  = "Intnl J.\,Heat\ Fluid Flow"}
@string{IJHMT  = "Intnl J.\,Heat\ Mass Transfer"}
@string{IJMF   = "Intnl J.\,Multiphase Flow"}
@string{IJNME  = "Intnl J.\,Num.\ Meth.\ Engng"}
@string{IJNMF  = "Intnl J.\,Num.\ Meth.\ Fluids"}
@string{IJR    = "Intnl J.\,Refig."}
@string{JA     = "J.\,Aircraft."}
@string{JAM    = "ASME J.\,Appl.\ Mech"}
@string{JAS    = "J.\,Aero.\ Sci."}
@string{JAMS   = "J.\,Austral.\ Math.\ Soc.\,B"}
@string{JASA   = "J.\,Ac.\ Soc.\ Am."}
@string{JB     = "J.\,Biomechanics"}
@string{JBC    = "J.\,Biol.\ Chem."}
@string{JCB    = "J.\,Cell Biol."}
@string{JBE    = "ASME J.\,Biomech. Eng."}
@string{JCAM   = "J.\,Comput.\ Appl.\ Math."}
@string{JCP    = "J.\,Comput.\ Phys."}
@string{JEI    = "ASME J.\,Engng for Ind.\"}
@string{JERT   = "ASME J.\,Energy Res.\ Tech."}
@string{JES    = "J.\,Electochem.\ Soc."}
@string{JFE    = "ASME J.\,Fluid Engng"}
@string{JFM    = "J.\,Fluid Mech."}
@string{JFS    = "J.\,Fluids \& Struct."}
@string{JHD    = "ASCE J.\,Hydr.\ Div."}
@string{JICE   = "J.\,Inst.\ Civil Eng."}
@string{JMA    = "SIAM J.\,Math.\ Anal."}
@string{JNA    = "SIAM J.\,Numer.\ Anal."}
@string{JNNFM  = "J.\,Non-Newt.\ Fluid Mech."}
@string{JoT    = "J.\,Turbulence."}
@string{JPP    = "J.\,Prop.\  Power"}
@string{JPS    = "J.\,Power Sources"}
@string{JSC    = "J.\,Sci.\ Comp."}
@string{JSSC   = "SIAM J.\,Sci.\ Stat.\ Comp."}
@string{JSV    = "J.\,Sound Vib."}
@string{JTM    = "J.\,Theor.\ Med."}
@string{JWEIA  = "J.\,Wind Eng.\ Ind.\ Aero."}
@string{MC     = "Math.\ Comput."}
@string{MEP    = "Med.\ Eng.~\& Phys."}
@string{MPCPS  = "Math.\ Proc.\ Camb.\ Phil.\ Soc."}
@string{MWR    = "Month.\ Weath.\ Rev."}
@string{NL     = "Nonlinearity"}
@string{NM     = "Numer.\ Math."}
@string{NHT    = "Numer.\ Heat Trans.\ A"}
@string{OUP    = "Oxford University Press"}
@string{PAS    = "Prog.\ Aerospace Sci."}
@string{PD     = "Physica~D"}
@string{PECS   = "Prog.\ Energy Combust.\ Sci."}
@string{PLA    = "Phys.\ Let.\,A"}
@string{PMB    = "Phys.\ Med.\ Biol."}
@string{PNAS   = "Proc.\ Nat.\ Acad.\ Sci."}
@string{PRA    = "Phys.\ Rev.\,A"}
@string{PRE    = "Phys.\ Rev.\,E"}
@string{PRL    = "Phys.\ Rev.\ Let."}
@string{PT     = "Powder Tech."}
@string{PTRSA  = "Phil.\ Trans.\ Roy.\ Soc.\ Lond.\,A"}
@string{PRSA   = "Proc.\ Roy.\ Soc.\ Lond.\,A"}
@string{PRSLA  = "Proc.\ Roy.\ Soc.\ Lond.\,A"}
@string{PRSLB  = "Proc.\ Roy.\ Soc.\ Lond.\,B"}
@string{PF     = "Phys.\ Fluids"}
@string{PoF    = "Phys.\ Fluids"}
@string{PoFA   = "Phys.\ Fluids\,A"}
@string{PUP    = "Princeton University Press"}
@string{RA     = "La Rech.\ Aerosp."}
@string{SA     = "Sci.\ American."}
@string{SSC    = "SIAM J.\ Sci.\ Stat.\ Comput."}
@string{TCFD   = "Theoret.\ Comput.\ Fluid Dynamics"}
@string{TIChE  = "Trans.\ IChemE"}
@string{WW     = "ASCE J\,Wat.\ Port, Coastal Ocean. Div."}
@string{ZAMP   = "Z. angew.\ Math.\ Phys."}
