
@Article{saj99,
  author = 	 {Stephen A. Jordan},
  title = 	 {A Large-Eddy Simulation Methodology in
                  Generalized Curvilinear Coordinates},
  journal = 	 JCP,
  year = 	 1999,
  volume =	 148,
  pages =	 {322--340}
}

@Article{vlm98,
  author = 	 {Oleg V. Vasilyev and Thomas S. Lund and Parviz Moin},
  title = 	 {A General Class of Commutative Filters for {LES}
                  in Complex Geometries},
  journal = 	 JCP,
  year = 	 1998,
  volume =	 146,
  pages =	 {82--104}
}

@Article{mvm02,
  author = 	 {Alison L. Marsden and Oleg V. Vasilyev and Parviz Moin},
  title = 	 {Construction of Commutative Filters for {LES}
                  on Unstructured Meshes},
  journal = 	 JCP,
  year = 	 2002,
  volume =	 175,
  pages =	 {584--603}
}

@Article{jordan01,
  author = 	 {Stephen A. Jordan},
  title = 	 {Dynamic Subgrid-Scale Modeling for Large-Eddy Simulations
                  in Complex Topologies},
  journal = 	 JFE,
  year = 	 2001,
  volume =	 123,
  pages =	 {619--627}
}

@Article{cust01,
  author = 	 {Anqing Cui and Robert L. Street},
  title = 	 {Large-Eddy Simulation of Turbulent Rotating Convective
                  Flow Development},
  journal = 	 JFM,
  year = 	 2001,
  volume =	 447,
  pages =	 {53--84}
}

@Article{nbmc01,
  author = 	 {F. Nicoud and J. S. Baggett and P. Moin and W. Cabot},
  title = 	 {Large Eddy Simulation Wall-Modeling Based on Suboptimal
                  Control Theory and Linear Stochastic Estimation},
  journal = 	 PoF,
  year = 	 2001,
  volume =	 13,
  number =	 10,
  pages =	 {2968--2984}
}

@InProceedings{pru97,
  author = 	 {C. David Pruett},
  title = 	 {Toward the De-Mystification of {LES}},
  booktitle = 	 {Third International AFSOR Conf.\ DNS/LES},
  pages =	 {1--8},
  year =	 2001,
  editor =	 {C. Liu, L. Sakell, R. Herklotz and Z. Liu},
  address =	 {University of Texas at Austin},
  month =	 {August},
  organization = {AFOSR}
}

@InProceedings{pru97,
  author = 	 {C. David Pruett},
  title = 	 {Toward Simplification of Dynamic Subgrid-Scale Models},
  booktitle = 	 {Advances in DNS/LES},
  pages =	 {291--298},
  year =	 1997,
  editor =	 {C. Liu and Z. Liu},
  address =	 {Louisiana},
  month =	 {August},
  organization = {AFOSR}
}

@InProceedings{bddsg97,
  author = 	 {J. P. Bonnet and J. Deville and
                  P. Druault and P. Sagaut and R. Grohens},
  title = 	 {Linear Stochastic Estimation of {LES} Inflow Conditions},
  booktitle = 	 {Advances in DNS/LES},
  pages =	 {341--348},
  year =	 1997,
  editor =	 {C. Liu and Z. Liu},
  address =	 {Louisiana},
  month =	 {August},
  organization = {AFOSR}
}

@Article{piza91,
  author = 	 {Ugo Piomelli and Thomas A. Zang},
  title = 	 {Large0Eddy Simulation of Transitional Channel Flow},
  journal = 	 {Comp.\ Phys. Commun.},
  year = 	 1991,
  volume =	 65,
  pages =	 {224--230}
}

@Article{ppc00,
  author = 	 {Andrea Pascarelli and Ugo Piomelli and Graham V. Candler},
  title = 	 {Multi-Block Large-Eddy Simulations of
                  Turbulent Boundary Layers},
  journal = 	 JCP,
  year = 	 2000,
  volume =	 157,
  pages =	 {256--279}
}

@Article{pcml91,
  author = 	 {Ugo Piomelli and William H. Cabot
                  and Parviz Moin and Sangansan Les},
  title = 	 {Subgrid-Scale Backscatter in
                  Turbulent and Transitional Flows},
  journal = 	 PoFA,
  year = 	 1991,
  volume =	 3,
  number =	 7,
  pages =	 {1766--1771}
}

@Article{pemo98,
  author = 	 {Charles D. Pierce and Parviz Moin},
  title = 	 {Method for Generating Equilibrium 
                  Swirling Inflow Conditions},
  journal = 	 AIAA,
  year = 	 1998,
  volume =	 36,
  number =	 7,
  pages =	 {1325--1327}
}

@Article{glma95,
  author = 	 {Sandip Ghosal and Thomas S. Lund and Parviz Moin
                  and Knut Axelvoll},
  title = 	 {A Dynamic Localization Model for
                  Large-Eddy Simulation of Turbulent Flows},
  journal = 	 JFM,
  year = 	 1995,
  volume =	 286,
  pages =	 {229--255}
}

@InProceedings{schmidt98,
  author = 	 {Stefan Schmidt and Leiping Xue and Frank Thiele},
  title = 	 {Large-Eddy Simulation of Turbulent Pipe Flow
                  on Semi-Structured Grids},
  booktitle = 	 {13th Australasian Fluid Mechanics Conference},
  year =	 1998,
  month =	 {December},
  organization = {Monash University},
  pages =        {651--654}
}

@PhdThesis{schmidt00,
  author =       {Schmidt, St.},
  title =        {{Grobstruktursimulation turbulenter Str\-{\"o}\-mungen
                  in komplexen Geometrien und bei hohen Reynoldszahlen}},
  school =       {Technische Universit\"at Berlin},
  year =         {2000}
}

@Article{breuer98,
  author = 	 {Michael Breuer},
  title = 	 {Numerical and Modelling Influences on Large Eddy
                  Simulations for the Flow Past a Circular Cylinder},
  journal = 	 IJHFF,
  year = 	 1998,
  volume =	 19,
  pages =	 {512--521}
}

@Article{hmj00,
  author = 	 {Thomas J. R. Hughes and Luca Mazzei and Kenneth E. Jansen},
  title = 	 {Large Eddy Simulation and the Variational
                  Multiscale Method},
  journal = 	 {Comput.\ Vis.\ Sci.},
  year = 	 2000,
  volume =	 3,
  pages =	 {47--59}
}

@Article{akmo96,
  author = 	 "Knut Akselvoll and Parviz Moin",
  title = 	 "Large-Eddy Simulation of Turbulent Confined
		  Coannular Jets",
  journal =	 JFM,
  year =	 1996,
  volume =	 315,
  pages =	 "387--411"
}

@InProceedings{babe92,
  author = 	 {E. Balaras and C. Benocci},
  title = 	 {Large Eddy Simulation of Flow in a Square Duct},
  booktitle = 	 {Computational Fluid Dynamics '92},
  editor =	 {Ch. Hirsch et al.},
  volume =	 1,
  year =	 1992,
  publisher =	 {Elsevier},
  pages =	 {177--182}
}

@Article{babe96,
  author = 	 "Elias Balaras and Carlo Benocci",
  title = 	 "Two-Layer Approximate Boundary Conditions for Large
		  Eddy Simulations",
  journal =	 AIAA,
  year =	 1996,
  volume =	 34,
  number =	 6,
  pages =	 "1111--1119"
}

@InProceedings{bamc93,
  author = 	 "Ted G. Bagwell and Ronald J. Adrian and Robert
		  D. Moser and John Kim",
  title = 	 "Improved Approximation of Wall Shear Stress Boundary
		  Conditions for Large Eddy Simulation",
  editor =	 "So and Speziale and Launder",
  pages =	 "265--275",
  booktitle =	 "Near-Wall Turbulent Flows",
  year =	 1993,
  publisher =	 "Elsevier"
}

@Article{,
  author = 	 {Thomas J. R. Hughes and Luca Mazzei and Assad A. Oberai},
  title = 	 {Large Eddy Simulation of Turbulent Channel Flows
                  by the Variational Multiscale Method},
  journal = 	 {PoF},
  year = 	 2001,
  volume =	 13,
  number =	 6,
  pages =	 {1784--1799}
}

@Article{bel00,
  author = 	 {Josette Bellan},
  title = 	 {Perspectives on Large Eddy Simulations for Sprays:
                  Issues and Solutions},
  journal = 	 AS,
  year = 	 2000,
  volume =	 10,
  pages =	 {409--425}
}

@InProceedings{bfr80,
  author = 	 "J. Bardina and J. H. Ferziger and W. C. Reynolds",
  title = 	 "Improved Subgrid Scale Models for Large Eddy Simulation",
  booktitle =	 "13th Fluid and Plasma Dynamics Conference",
  year =	 1980,
  publisher =	 "AIAA",
  month =	 "July"
}

@TechReport{bfr83,
  author = 	 {J. Bardina and J. H. Ferziger and W. C. Reynolds},
  title = 	 {Improved Turbulence Models Based on Large Eddy Simulation
                  of Homogeneous, Incompressible, Turbulent Flows},
  institution =  {Department of Mechanical Engineering, Stanford University},
  year = 	 1983,
  number =	 {TF-19}
}

@InProceedings{bohfer93,
  author = 	 "M. Bohnert and J. H. Ferziger",
  title = 	 "The Dynamic Subgrid Scale Model in Large-Eddy
		  Simulation of the Stratified {Ekman} Layer",
  editor =	 "Rodihmb and Martelli",
  pages =	 "315--324",
  booktitle =	 "Engineering Turbulence Modelling and Experiments 2",
  year =	 1993,
  publisher =	 "Elsevier"
}

@Article{boni96,
  author = 	 "B. J. Boersma and F. T. M. Nieuwstadt",
  title = 	 "Large-Eddy Simulation of Turbulent Flow in a Curved Pipe",
  journal =	 JFE,
  year =	 1996,
  volume =	 118,
  pages =	 "248--254"
}

@Article{breuer00,
  author = 	 {Michael Breuer},
  title = 	 {A Challenging Test Case for Large Eddy Simulation:
                  High {Reynolds} Number Circular Cylinder Flow},
  journal = 	 IJHFF,
  year = 	 2000,
  volume =	 21,
  pages =	 {648--654}
}

@Article{breuer98,
  author = 	 {M. Breuer},
  title = 	 {Large Eddy Simulation of the Subcritical Flow Past a
                  Circular Cylinder: Numerical and Modeling Aspects},
  journal = 	 IJNMF,
  year = 	 1998,
  volume =	 28,
  pages =	 {1281--1302}
}

@InCollection{cab95,
  author = 	 {W. Cabot},
  title = 	 {Large-Eddy Simulations with Wall Models},
  booktitle = 	 {Annual Research Briefs},
  publisher =	 {Center for Turbulence Research},
  year =	 1995,
  pages =	 {41--50}
}

@InCollection{cabm93,
  author = 	 "William Cabot and Parviz Moin",
  title = 	 "Large Eddy Simulation of Scalar Transport with the
                  Dynamic Subgrid-Scale Model",
  booktitle =	 "Large Eddy Simulation of Complex Engineering and
		  Geophysical Flows",
  publisher =	 "Cambridge",
  year =	 1993,
  editor =	 "Boris Galperin and Steven A. Orszag",
  chapter =	 7,
  pages =	 "141--158"
}

@Article{cbsj94,
  author = 	 "Claude Cambon and Jean-Pierre Benoit and Liang Shao
		  and Laurent Jacquin",
  title = 	 "Stability Analysis and Large-Eddy Simulation of
		  Rotating Turbulence with Organized Eddies",
  journal =	 JFM,
  year =	 1994,
  volume =	 278,
  pages =	 "175--200"
}

@Article{ccf00,
  author = 	 {Stephen Conway and Doru Caraeni and Laszlo Fuchs},
  title = 	 {Large Eddy Simulation of the Flow Through the Blades
                  of a Swirl Generator},
  journal = 	 IJHFF,
  year = 	 2000,
  volume =	 21,
  pages =	 {664--673}
}

@Article{cfr79,
  author = 	 {Robert A. Clark and Joel H. Ferziger and W. C. Reynolds},
  title = 	 {Evaluation of Subgrid-Scale Models Using an Accurately
                  Simulated Turbulent Flow},
  journal = 	 JFM,
  year = 	 1979,
  volume =	 91,
  number =	 1,
  pages =	 {1--16}
}

@Article{cgm95,
  author = 	 {Daniele Carati and Sandip Ghosal and Parviz Moin},
  title = 	 {On the Representation of Backscatter in Dynamic
                  Localization Models},
  journal = 	 PoF,
  year = 	 1995,
  volume =	 7,
  number =	 3,
  pages =	 {606--616}
}

@InCollection{chmi96,
  author = 	 {Danial C. Chan and Rajat Mittal},
  title = 	 {Large-Eddy Simulation of a Backward Facing Step using a
                  Least-Squares Spectral Element Method},
  booktitle = 	 {Proceedings of the Summer Program},
  publisher =	 {Center for Turbulence Research},
  year =	 1996,
  pages =	 {347--358}
}

@Article{cio96,
  author = 	 {Michele Ciofalo},
  title = 	 {Large-Eddy Simulation of Turbulent Flow with Heat
                  Transfer in Simple and Complex Geometries using
                  {Harwell}-{FLOW3D}},
  journal = 	 {Appl.\ Math. Modelling},
  year = 	 1996,
  volume =	 20,
  pages =	 {262--271}
}

@InCollection{cjl95,
  author = 	 {D. Carati and K. Jansen and T. Lund},
  title = 	 {A Family of Dynamic Models for Large-Eddy Simulation},
  booktitle = 	 {Annual Research Briefs},
  publisher =	 {Center for Turbulence Research},
  year =	 1995,
  pages =	 {35--40}
}

@Article{cook97,
  author = 	 {Andrew W. Cook},
  title = 	 {Determination of the Constant Coefficient in Scale 
                  Similarity Models of Turbulence},
  journal = 	 PoF,
  year = 	 1997,
  volume =	 9,
  number =	 5,
  pages =	 {1485--1487}
}

@Article{dang85,
  author = 	 {Khoa T. Dang},
  title = 	 {Evaluation of Simple Subgrid-Scale Models for the 
                  Numerical Simulation of Homogeneous Turbulence},
  journal = 	 AIAA,
  year = 	 1985,
  volume =	 23,
  number =	 2,
  pages =	 {221--227}
}

@Article{dcl96,
  author = 	 {Fr{\'{e}}d{\'{e}}ric Ducros and Pierre Comte and
                  Marcel Lesieur},
  title = 	 {Large-Eddy Simulation of Transition to Turbulence
                  in a Boundary Layer Developing Spatially 
                  over a Flat Plate},
  journal = 	 JFM,
  year = 	 1996,
  volume =	 326,
  pages =	 {1--36}
}

@Article{dear70,
  author = 	 "James W. Deardorff",
  title = 	 "A Numerical Study of Three-Dimensional Turbulent
		  Channel Flow at Large {Reynolds} Numbers",
  journal =	 JFM,
  year =	 1970,
  volume =	 41,
  number =	 2,
  pages =	 "453--480"
}

@Article{dear71,
  author = 	 "J. W. Deardorff",
  title = 	 "On the Magnitude of the Subgrid Scale Eddy Coefficient",
  journal =	 JCP,
  year =	 1971,
  volume =	 7,
  pages =	 "120--133"
}

@Article{dear73,
  author = 	 {J. W. Deardorff},
  title = 	 {The Use of Subgrid Transport Equations in a 
                  Three-Dimensional Model of Atmospheric Turbulence},
  journal = 	 JFE,
  year = 	 1973,
  month =	 {September},
  pages =	 {429--438}
}

@Article{dear74a,
  author = 	 {J. W. Deardorff},
  title = 	 {Three-Dimensional Numerical Study of the Height and Mean
                  Structure of a Heated Planetary Boundary Layer},
  journal = 	 BLM,
  year = 	 1974,
  volume =	 7,
  pages =	 {81--106}
}

@Article{dear74b,
  author = 	 {J. W. Deardorff},
  title = 	 {Three-Dimensional Numerical Study of Turbulence in
                  an Entraining Mixed Layer},
  journal = 	 BLM,
  year = 	 1974,
  volume =	 7,
  pages =	 {199--226}
}

@Article{dlb93,
  author = 	 {J. Andrzej Domaradzki and Wei Liu and Marc E. Brachet},
  title = 	 {Analysis of Subgrid-Scale Interactions in Numerically 
                  Simulated Isotropic Turbulence},
  journal = 	 PoF,
  year = 	 1993,
  volume =	 5,
  number =	 7,
  pages =	 {1747--1759}
}

@Article{dlhk94,
  author = 	 {J. Andrzej Domaradzki and Wei Liu and
                  Carlos H{\"{a}}rtel and  Leonhard Kleiser},
  title = 	 {Energy Transfer in Numerically Simulated Wall-Bounded
                 Turbulent Flows},
  journal = 	 PoF,
  year = 	 1994,
  volume =	 6,
  number =	 4,
  pages =	 {1583--1599}
}

@Article{doml95,
  author = 	 {J. Andrzej Domaradzki and Wei Liu},
  title = 	 {Approximation of Subgrid-Scale Energy Transfer Based on the
                  Dynamics of Resolved Scales of Turbulence},
  journal = 	 PoF,
  year = 	 1995,
  volume =	 7,
  number =	 8,
  pages =	 {2025--2035}
}

@Article{doms97,
  author = 	 {J. Andrzej Domaradzki and Eileen M. Saiki},
  title = 	 {A Subgrid-Scale Model Based on the Estimation of Unresolved
                  Scales of Turbulence},
  journal = 	 PoF,
  year = 	 1997,
  volume =	 9,
  number =	 7,
  pages =	 {2148--2164}
}

@Article{doye00,
  author = 	 {J. Andrzej Domaradzki and P. P. Lee},
  title = 	 {The Subgrid-Scale Estimation Model for High {R}eynolds
                  Number Turbulence},
  journal = 	 PoF,
  year = 	 2000,
  key =		 12,
  volume =	 1,
  number =	 {193--196}
}

@Article{dvda00,
  author = 	 {J. J. Dereksen and H. E. A. Van den Akker},
  title = 	 {Simulation of Vortex Core Precession in a
                  Reverse-Flow Cyclone},
  journal = 	 AIChEJ,
  year = 	 2000,
  volume =	 46,
  number =	 7,
  pages =	 {1317--1331}
}

@Article{ebn94,
  author = 	 "J. G. M. Eggels and B. J. Boersma and F. T. M. Nieuwstadt",
  title = 	 "Direct and Large-Eddy Simulations of Turbulent Flow
		  in an Axially Rotating Pipe",
  journal =	 JFM,
  year =	 1994,
  note =	 "submitted"
}

@PhdThesis{egg94,
  author = 	 "J. G. M. Eggels",
  title = 	 "Direct and Large Eddy Simulation of Turbulent Flow
		  in a Cylindrical Pipe Geometry",
  school = 	 "Delft University",
  year = 	 1994
}

@Article{egg96,
  author = 	 "J. G. M. Eggels",
  title = 	 "Direct and Large-Eddy Simulation of Turbulent Fluid
		  Flow Using the Lattice--{Boltzmann} Scheme",
  journal =	 IJHFF,
  year =	 1996,
  volume =	 17,
  pages =	 "307--323"
}

@Article{ehsz92,
  author = 	 {G. Erlebacher and M. Y. Hussaini and C. G. Speziale
                  and T. A. Zang},
  title = 	 {Towards the Large-Eddy Simulation of Compressible
                  Turbulent Flows},
  journal = 	 JFM,
  year = 	 1992,
  volume =	 238,
  pages =	 {155--185}
}

@Article{fer77,
  author = 	 {Joel H. Ferziger},
  title = 	 {Large Eddy Numerical Simulations of Turbulent Flows},
  journal = 	 AIAA,
  year = 	 1977,
  volume =	 15,
  number =	 9,
  pages =	 {1261--1267}
}

@Article{fer87,
  author = 	 "Joel H. Ferziger",
  title = 	 "Simulation of Incompressible Turbulent Flows",
  journal =	 JCP,
  year =	 1987,
  volume =	 69,
  pages =	 "1--48"
}

@Article{fer90,
  author = 	 "Joel H. Ferziger",
  title = 	 "Approaches to Turbulent Flow Computation:
		  Applications to Flow Over Obstacles",
  journal =	 JWEIA,
  year =	 1990,
  volume =	 35,
  pages =	 "1--19"
}

@Article{fer93a,
  author = 	 "J. Ferziger",
  title = 	 "Simulation of Complex Turbulent Flows: Recent
		  Advances and Prospects in Wind Engineering",
  journal =	 JWEIA,
  year =	 1993,
  volume =	 46,
  pages =	 "195--212"
}

@InCollection{fer93b,
  author = 	 "Joel H. Ferziger",
  title = 	 "Subgrid-Scale Modeling",
  booktitle =	 "Large Eddy Simulation of Complex Engineering and
		  Geophysical Flows",
  publisher =	 "Cambridge",
  year =	 1993,
  editor =	 "Boris Galperin and Steven A. Orszag",
  chapter =	 2,
  pages =	 "37--54"
}

@Article{fm93,
  author = 	 "W. Frank and H. Mauch",
  title = 	 "Large-Eddy Simulation of the Flow Around Building Models",
  journal =	 JWEIA,
  year =	 1993,
  volume =	 46,
  pages =	 "213--218"
}

@Article{ftwg00,
  author = 	 {C. Fureby and G. Tabor and H. G. Weller and A. D. Gosman},
  title = 	 {Large Eddy Simulation of the Flow Around a Square Prism},
  journal = 	 AIAAJ,
  year = 	 2000,
  volume =	 38,
  number =	 3,
  pages =	 {442--452}
}

@InProceedings{ga99,
  author = 	 {Nikolaus A. Adams and Anthony Leonard},
  title = 	 {Deconvolution of Subgrid-Scales for the Simulation of
                  Shock--Turbulence Interaction},
  booktitle = 	 {Direct and Large Eddy Simulation III},
  year =	 1999,
  editor =	 {N. D. Sandahm and P. Voke and L. Kleiser},
  publisher =	 {Kluwer}
}

@Article{germ92,
  author = 	 "M. Germano",
  title = 	 "Turbulence: The Filtering Approach",
  journal =	 JFM,
  year =	 1992,
  volume =	 238,
  pages =	 "325--336"
}

@Article{geurts97,
  author = 	 {Bernard J. Guerts},
  title = 	 {Inverse Modeling for Large-Eddy Simulation},
  journal = 	 PoF,
  year = 	 1997,
  volume =	 9,
  number =	 12,
  pages =	 {3585--3587}
}

@Article{gho96,
  author = 	 "Sandip Ghosal",
  title = 	 "An Analysis of Numerical Errors in Large-Eddy
		  Simulations of Turbulence",
  journal =	 JCP,
  year =	 1996,
  volume =	 125,
  pages =	 "187--206"
}

@InCollection{ghos95,
  author = 	 {Sandip Ghosal},
  title = 	 {Analysis of Discretization Errors in {LES}},
  booktitle = 	 {Annual Research Briefs},
  publisher =	 {Center for Turbulence Research},
  year =	 1995,
  pages =	 {3--24}
}

@Article{ghosal99,
  author = 	 {Sandip Ghosal},
  title = 	 {Mathematical and Physical Constraints on Large-Eddy
                  Simulation of Turbulence},
  journal = 	 AIAA,
  year = 	 1999,
  volume =       37,
  number =	 4,
  pages =	 {425--433}
}

@Article{gm95,
  author = 	 "S. Ghosal and P. Moin",
  title = 	 "The Basic Equations for the Large Eddy Simulation of
		  Turbulent Flows in Complex Geometry",
  journal =	 JCP,
  year =	 1995,
  volume =	 118,
  pages =	 "24--37"
}

@InCollection{gpmc90,
  author = 	 {Massimo Germano and Ugo Piomelli and Parviz Moin and
                  William H. Cabot},
  title = 	 {A Dynamic Subgrid-Scale Eddy Viscosity Model},
  booktitle = 	 {Proceedings of the Summer Program},
  publisher =	 {Center for Turbulence Research},
  year =	 1990,
  pages =	 {5--30}
}

@Article{gpmc91,
  author = 	 "Massimo Germano and Ugo Piomelli and Parviz Moin and
		  William H. Cabot",
  title = 	 "A Dynamic Subgrid-Scale Eddy Viscosity Model",
  journal =	 PoFA,
  year =	 1991,
  volume =	 3,
  number =	 7,
  pages =	 "1760--1765"
}

@InCollection{grot86,
  author = 	 "G{\"{u}}nther Gr{\"{o}}tzbach",
  title = 	 "Direct Numerical and Large Eddy Simulation of
		  Turbulent Channel Flows",
  booktitle =	 "Encyclopedia of Fluid Mechanics",
  publisher =	 "Gulf",
  year =	 1986,
  editor =	 "N. P. Cheremisinoff",
  volume =	 12,
  chapter =	 34,
  pages =        "1337--1391"
}

@Article{hakl97,
  author = 	 {Carlos H{\"{a}}rtel and Leonhard Kleiser},
  title = 	 {Galilean Invariance and Filtering Dependence of Near-Wall
                  Grid-Scale/Subgrid-Scale Interactions in Large-Eddy
                  Simulation},
  journal = 	 PoF,
  year = 	 1997,
  volume =	 9,
  number =	 2,
  pages =	 {473--475}
}

@InCollection{har95,
  author = 	 "Carlos H{\"{a}}rtel",
  title = 	 "Turbulent Flows: Direct Numerical Simulation and
		  Large-Eddy Simulation",
  booktitle =	 "Handbook of Computational Fluid Dynamics",
  publisher =	 "Academic Press",
  year =	 1995,
  editor =	 "R. Peyret"
}

@Article{hcp91,
  author = 	 {M. G. Hadfield and W. R. Cotton and R. A. Pielke},
  title = 	 {Large-eddy Simulations of Thermally Forced Circulations
                  in the Convective Boundary Layer.  {Part I}: Small-Scale
                  Circulation with Zero Wind},
  journal = 	 {B.-Layer Met.},
  year = 	 1991,
  volume =	 57,
  pages =	 {79--114}
}

@Article{heso92,
  author = 	 {Jianming He and Charles C. S. Song},
  title = 	 {Computation of Turbulent Shear Flow Over Surface-Mounted
                  Obstacle},
  journal = 	 {ASCE J. Eng.\ Mech.},
  year = 	 1992,
  volume =	 118,
  number =	 11,
  pages =	 {2282--2297}
}

@Article{hluf94,
  author = 	 {Carlos H{\"{a}}rtel and Leonhard Kleiser and 
                  Friedemann Unger and Rainer Friedrich},
  title = 	 {Subgrid-Scale Energy Transfer in the Near-Wall Region
                  of Turbulent Flows},
  journal = 	 PoF,
  year = 	 1996,
  volume =	 6,
  number =	 9,
  pages =	 {3130--3143}
}

@Article{hmow01,
  author = 	 {Thomas J. R. Hughes and Luca Mazzei and Assad A. Oberai
                  and Alan A. Wray},
  title = 	 {The Multiscale Formulation of Large Eddy Simulation:
                  Decay of Homogeneous Isotropic Turbulence},
  journal = 	 {PoF},
  year = 	 2001,
  volume =	 13,
  number =	 2,
  pages =	 {505--512}
}

@Article{hor87,
  author = 	 "Kiyosi Horiuti",
  title = 	 "Comparison of Conservative and Rotational Forms in
		  Large-Eddy Simulation of Turbulent Channel Flow",
  journal =	 JCP,
  year =	 1987,
  volume =	 71,
  pages =	 "343--370"
}

@InCollection{hor93,
  author = 	 "Kiyosi Horiuti",
  title = 	 "Anisotropic Representation of Subgrid-Scale {Reynolds}
                  Stress in Large Eddy Simulation",
  booktitle =	 "Large Eddy Simulation of Complex Engineering and
		  Geophysical Flows",
  publisher =	 "Cambridge",
  year =	 1993,
  editor =	 "Boris Galperin and Steven A. Orszag",
  chapter =	 10,
  pages =	 "191--207"
}

@Article{hor97,
  author = 	 {Kiyosi Horiuti},
  title = 	 {A New Dynamic Two-Parameter Mixed Model for
                  Large Eddy Simulation},
  journal = 	 PoF,
  year = 	 1997,
  volume =	 9,
  number =	 11,
  pages =	 {3443--3464}
}

@InCollection{jan94,
  author = 	 {Kenneth Jansen},
  title = 	 {Unstructured-Grid Large-Eddy Simulation of
                  Flow Over an Airfoil},
  booktitle = 	 {Annual Research Briefs},
  publisher =	 {Center for Turbulence Research},
  year =	 1994,
  address =	 {Stanford},
  pages =	 {161--173}
}

@InCollection{jan95,
  author = 	 {Kenneth Jansen},
  title = 	 {Preliminary Large-Eddy Simulations of Flow Around a {NACA}
                  4412 Airfoil Using Unstructured Grids},
  booktitle = 	 {Annual Research Briefs},
  publisher =	 {Center for Turbulence Research},
  year =	 1995,
  pages =	 {61--72}
}

@InCollection{jim95,
  author = 	 {J. Jim{\'{e}}nez},
  title = 	 {On Why Dynamic Subgrid-Scale Models Work},
  booktitle = 	 {Annual Research Briefs},
  publisher =	 {Center for Turbulence Research},
  year =	 1995,
  pages =	 {25--34}
}

@Article{jimo00,
  author = 	 {Javier Jim{\'{e}}nez and Robert D. Moser},
  title = 	 {Large-Eddy Simulations:
                  Where Are We and What Can We Expect?},
  journal = 	 AIAAJ,
  year = 	 2000,
  volume =	 38,
  number =	 4,
  pages =	 {605--612}
}

@Article{kaka00,
  author = 	 {G.-S. Karamanos and G. E. Karniadakis},
  title = 	 {A Spectral Vanishing Viscosity Method
                  for Large Eddy Simulations},
  journal = 	 JCP,
  year = 	 2000,
  volume =	 163,
  pages =	 {22--50}
}

@Article{kale83,
  author = 	 {Y. Kaneda and D. C. Leslie},
  title = 	 {Tests of Subgrid Models in the Near-Wall Region Using
                  Represented Velocity Fields},
  journal = 	 JFM,
  year = 	 1983,
  volume =	 132,
  pages =	 {349--373}
}

@Article{kami92,
  author = 	 {Takeo Kajishima and Yutaka Miyake},
  title = 	 {A Discussion of Eddy Viscosity Models On The Basis Of The
                  Large Eddy Simulation of Turbulent Flow in a Square Duct},
  journal = 	 CF,
  year = 	 1992,
  volume =	 21,
  number =	 2,
  pages =	 {151--161}
}

@Article{kdb96,
  author = 	 {Robert M. Kerr and J. Andrzej Domaradzki and Gilles Barbier},
  title = 	 {Small-Scale Properties of Nonlinear Interactions and
                  Subgrid-Scale Energy Transfer in Isotropic Turbulence},
  journal = 	 PoF,
  year = 	 1996,
  volume =	 8,
  number =	 1,
  pages =	 {197--208}
}

@Article{kfmlm99,
  author = 	 {H.-J. Kaltenbach and M. Fatica and R. Mittal and
                  T. S. Lund and P. Moin},
  title = 	 {Study of Flow in a Planar Asymmetric Diffuser using
                  Large Eddy Simulation},
  journal = 	 JFM,
  year = 	 1999,
  volume =	 390,
  pages =	 {151--185}
}

@Article{kgvg99,
  author = 	 {J. G. M. Kuerten and B. J. Guerts and A. W. Vreman
                  and M. Germano},
  title = 	 {Dynamic Inverse Modelling and its Testing
                  in Large-Eddy Simulations of the Mixing Layer},
  journal = 	 PoF,
  year = 	 1999,
  volume =	 11,
  number =	 12,
  pages =	 {3778--3785}
}

@Article{kido00,
  author = 	 {Shari J. Kimmel and J. Andrzej Domaradzki},
  title = 	 {Large Eddy Simulations of {R}ayleigh--{B}{\'{e}}nard
                  Convection Using Subgrid-Scale Estimation Model},
  journal = 	 PoF,
  year = 	 2000,
  volume =	 12,
  number =	 1,
  pages =	 {169--184}
}

@Article{kos97,
  author = 	 {Branko Kosovi{\'{c}}},
  title = 	 {Subgrid-Scale Modelling for the Large-Eddy Simulation
                  of High-{Reynolds}-Number Boundary Layers},
  journal = 	 JFM,
  year = 	 1997,
  volume =	 336,
  pages =	 {151--182}
}

@InCollection{koy93,
  author = 	 "George E. Karniadakis and Steven A. Orszag
                  and Victor Yakhot",
  title = 	 "Renormalization Group Theory Simulation of Transitional
                  and Turbulent Flow over a Backward-Facing Step",
  booktitle =	 "Large Eddy Simulation of Complex Engineering and
		  Geophysical Flows",
  publisher =	 "Cambridge",
  year =	 1993,
  editor =	 "Boris Galperin and Steven A. Orszag",
  chapter =	 8,
  pages =	 "159--177"
}

@Article{kram97,
  author = 	 {A. G. Kravchenko and P. Moin},
  title = 	 {On the Effect of Numerical Errors in Large Eddy Simulations
                  of Turbulent Flows},
  journal = 	 JCP,
  year = 	 1997,
  volume =	 131,
  pages =	 {310--322}
}

@Article{krsc92,
  author = 	 {Kilian Krettenauer and Ulrich Schumann},
  title = 	 {Numerical Simulation of Turbulent Convection over
                  Wavy Terrain},
  journal = 	 JFM,
  year = 	 1992,
  volume =	 237,
  pages =	 {261--299}
}

@Article{ld01,
  author = 	 {Jacob A. Langford and Robert D. Moser},
  title = 	 {Breakdown of Continuity in Large_eddy Simulation},
  journal = 	 {PoF},
  year = 	 2001,
  volume =	 13,
  number =	 5,
  pages =	 {1524--1527}
}

@Article{leo74,
  author = 	 "A. Leonard",
  title = 	 "Energy Cascade in Large-Eddy Simulations of
		  Turbulent Fluid Flows",
  journal =	 "Adv.\ Geophys.",
  year =	 1974,
  volume =	 "18A",
  pages =	 "237--248"
}

@Article{les96,
  author = 	 "M. Lesieur",
  title = 	 "Large-Eddy Simulations of Shear Layers",
  journal =	 ETFS,
  year =	 1996,
  volume =	 12,
  pages =	 "197--208"
}

@Article{lilly92,
  author = 	 {D. K. Lilly},
  title = 	 {A Proposed Modification of the {Germano} Subgrid-Scale
                  Closure Method},
  journal = 	 PoFA,
  year = 	 1992,
  volume =	 4,
  number =	 3,
  pages =	 {633--634}
}

@Article{lmk94,
  author = 	 {Shewen Liu and Charles Meneveau and Joseph Katz},
  title = 	 {On the Properties of Similarity Subgrid-Scale Models as
                  Deduced from Measurements in a Turbulent Jet},
  journal = 	 JFM,
  year = 	 1994,
  volume =	 275,
  pages =	 {83--119}
}

@Article{lodo99,
  author = 	 {Kuo-Chien Loh and J. Andrzej Domaradzki},
  title = 	 {The Subgrid-Scale Estimation Model on Nonuniform Grids},
  journal = 	 PoF,
  year = 	 1999,
  volume =	 11,
  number =	 12,
  pages =	 {3786--3792}
}

@Article{lstpc00,
  author = 	 {E. Lenormand and P. Sagaut and L. Ta Phuoc and P. Comte},
  title = 	 {Subgrid-Scale Models of Large-Eddy Simulation
                  of Compressible Wall Bounded Flows},
  journal = 	 AIAAJ,
  year = 	 2000,
  volume =	 38,
  number =	 8,
  pages =	 {1340--1350}
}

@Article{lstpc00,
  author = 	 {E. Lenormand and P. Sagaut and L. Ta Phuoc and P. Compte},
  title = 	 {Subgrid-Scale Models for Large-Eddy Simulations of
                  Compressible Wall Bounded Flows},
  journal = 	 AIAAJ,
  year = 	 2000,
  volume =	 38,
  number =	 8,
  pages =	 {1340--1350}
}

@InCollection{luka95,
  author = 	 {T. S. Lund and H.-J. Kaltenbach},
  title = 	 {Experiments with Explicit Filtering for {LES} using a
                  Finite-Difference Grid},
  booktitle = 	 {Annual Research Briefs},
  publisher =	 {Center for Turbulence Research},
  year =	 1995,
  pages =	 {91--105}
}

@Article{lumo96,
  author = 	 {Thomas S. Lund and Parviz Moin},
  title = 	 {Large-Eddy Simulation of a Concave Wall Boundary Layer},
  journal = 	 IJHFF,
  year = 	 1996,
  volume =	 17,
  pages =	 {290--295}
}

@Article{mas89,
  author = 	 "P. J. Mason",
  title = 	 "Large-Eddy Simulation of the Convective Atmospheric
		  Boundary Layer",
  journal =	 "J.\ Atmos.\ Sci.",
  year =	 1989,
  volume =	 46,
  number =	 11,
  pages =	 "1493--1516"
}

@Article{mascal86,
  author = 	 "P. J. Mason and N. S. Callen",
  title = 	 "On the Magnitude of the Subgrid-Scale Eddy
		  Coefficient in Large-Eddy Simulations of Turbulent
		  Channel Flow",
  journal =	 JFM,
  year =	 1986,
  volume =	 162,
  pages =	 "439--462"
}

@Article{masder90,
  author = 	 "P. J. Mason and S. H. Derbyshire",
  title = 	 "Large-Eddy Simulation of the Stably-Stratified
		  Atmospheric Boundary Layer",
  journal =	 "B-L Met.",
  year =	 1990,
  volume =	 53,
  pages =	 "117--162"
}

@Article{mason94,
  author = 	 "P. J. Mason",
  title = 	 "Large-Eddy Simulation: A Critical Review of the Technique",
  journal =	 "Q. J. R. Meterol.\ Soc.",
  year =	 1994,
  volume =	 120,
  pages =	 "1--26"
}

@Article{melu94,
  author = 	 {Charles Meneveau and Thomas S. Lund},
  title = 	 {On the {Lagrangian} Nature of the Turbulence Cascade},
  journal = 	 PoFA,
  year = 	 1994,
  volume =	 6,
  number =	 8,
  pages =	 {2820--2825}
}

@Article{melu97,
  author = 	 {Charles Meneveau and Thomas S. Lund},
  title = 	 {The Dynamic {Smagorinsky} Model and Scale-Dependent
                  Coefficients in the Viscous Range of Turbulence},
  journal = 	 PoF,
  year = 	 1997,
  volume =	 9,
  number =	 12,
  pages =	 {3932--3934}
}

@Article{men94,
  author = 	 {Charles Meneveau},
  title = 	 {Statistics of Subgrid-Scale Stresses:
                  Necessary Conditions and Experimental Tests},
  journal = 	 PoF,
  year = 	 1994,
  volume =	 6,
  number =	 2,
  pages =	 {815--833}
}

@Article{metl92,
  author = 	 {Olivier M{\'{e}}tais and Marcel Lesieur},
  title = 	 {Spectral Large-Eddy Simulation of Isotropic and
                  Stably Stratified Turbulence},
  journal = 	 JFM,
  year = 	 1992,
  volume =	 239,
  pages =	 {157--194}
}

@InCollection{mit96,
  author = 	 {R. Mittal},
  title = 	 {Progress on {LES} of Flow Past a Circular Cylinder},
  booktitle = 	 {Annual Research Briefs},
  publisher =	 {Center for Turbulence Research},
  year =	 1996,
  pages =	 {233--241}
}

@Article{mk82,
  author = 	 "Parviz Moin and John Kim",
  title = 	 "Numerical Investigation of Turbulent Channel Flow",
  journal =	 JFM,
  year =	 1982,
  volume =	 118,
  pages =	 "341--377"
}

@Article{mlc96,
  author = 	 "Charles Meneveau and Tomas S. Lund and William H. Cabot",
  title = 	 "A {Lagrangian} Dynamic Subgrid-Scale Model of Turbulence",
  journal =	 JFM,
  year =	 1996,
  volume =	 319,
  pages =	 "353--385"
}

@InCollection{mlm92,
  author = 	 {C. Meneveau and T. S. Lund and P. Moin},
  title = 	 {Search for Subgrid Scale Parameterization by
                  Projection Pursuit Progression},
  booktitle = 	 {Proceedings of the Summer Program},
  publisher =	 {Center for Turbulence Research},
  year =	 1992,
  pages =	 {61--81}
}

@InCollection{mmrf79,
  author =       "N. N. Mansour and P. Moin and W. C. Reynolds and
		  J. H. Ferziger",
  title =        "Improved Methods for Large Eddy Simulations of Turbulence",
  booktitle =    "Turbulent Shear Flows 1",
  publisher =    "Springer",
  year =         1979,
  editor =       "F. Durst and B. E. Launder and F. W. Schmidt and
		  J. H. Whitelaw",
  pages =        "386--401"
}

@Article{moe84,
  author = 	 {Chin-Hoh Moeng},
  title = 	 {A Large-Eddy-Simulation Model for the Study of Planetary
                  Boundary Layer Turbulence},
  journal = 	 JAS,
  year = 	 1984,
  volume =	 41,
  number =	 13,
  pages =	 {2052--2062}
}

@Article{moimo89,
  author = 	 {Parviz Noin and Robert D. Moser},
  title = 	 {Characteristic-Eddy Decomposition of Turbulence in
                  a Channel},
  journal = 	 JFM,
  year = 	 1989,
  volume =	 200,
  pages =	 {471--509}
}

@Article{morf97,
  author = 	 {Paul Morris and Joel H. Ferziger},
  title = 	 {The 2--4 Model for Large Eddy Simulations},
  journal = 	 PoF,
  year = 	 1997,
  note =	 {submitted}
}

@TechReport{mrf78,
  author = 	 {P. Moin and W. C. Reynolds and J. H. Ferziger},
  title = 	 {Large Eddy Simulation of Incompressible Turbulent
                  Channel Flow},
  institution =  {Department of Mechanical Engineering, Stanford University},
  year = 	 1978,
  number =	 {TF-12}
}

@Article{msd01,
  author = 	 {Jean-Christophe Magnient and Pierre Sagaut
                  and Michel Deville},
  title = 	 {A Study of Built-In Filter for Some Eddy Viscosity Models
                  in Large Eddy Simulation},
  journal = 	 {PoF},
  year = 	 2001,
  volume =	 13,
  number =	 5,
  pages =	 {1440--1449}
}

@Article{mulfi98,
  author = 	 {Julie S. Mullen and Paul F. Fischer},
  title = 	 {Filtering Techniques for Complex Geometry Fluid Flows},
  journal = 	 {Comm.\ in Num.\ Meth.\ in Eng.},
  year = 	 1999,
  volume =       15,
  pages =        {9--18}
}

@Article{mus96,
  author = 	 {Andreas Muschinski},
  title = 	 {A Similarity Theory of Locally Homogeneous and Isotropic
                 Turbulence Generated by a {Smagorinsky}-type {LES}},
  journal = 	 JFM,
  year = 	 1996,
  volume =	 325,
  pages =	 {239--260}
}

@Article{niev87,
  author = 	 {F. T. M. Nieuwstadt and J. P. J. M. M. de Valk},
  title = 	 {A Large Eddy Simulation of Buoyant and Non-Buoyant Plume
                  Dispersion in the Atmospheric Boundary Layer},
  journal = 	 {Atmos.\ Env.},
  year = 	 1987,
  volume =	 21,
  number =	 12,
  pages =	 {2573--2587}
}

@Article{nnwss00,
  author = 	 {N. V. Nikitin and F. Nicoud and B. Wasistho 
                  and K. D. Squires and P. R. Spalart},
  title = 	 {An Approach to Wall Modeling in Large-Eddy Simulations},
  journal = 	 PoF,
  year = 	 2000,
  volume =	 12,
  number =	 7,
  pages =	 {1629--1632}
}

@InCollection{osfz96,
  author = 	 {Joel H. Ferziger},
  title = 	 {Large Eddy Simulation},
  booktitle = 	 {Simulation and Modeling of Turbulent Flows},
  publisher =	 {Oxford},
  year =	 1996,
  editor =	 {Gatski and Hussaini and Lumley},
  chapter =	 3,
  address =	 {New York},
  pages =	 {109--154}
}

@InCollection{osy93,
  author = 	 "Steven A. Orszag amd Ilya Staroselsky and Victor Yakhot ",
  title = 	 "Some Basic Challenges for Large Eddy Simulation Research",
  booktitle =	 "Large Eddy Simulation of Complex Engineering and
		  Geophysical Flows",
  publisher =	 "Cambridge",
  year =	 1993,
  editor =	 "Galperin and Orszag",
  pages =	 "355--378"
}

@InProceedings{pen92,
  author = 	 {M. Pourqui{'{e}} and J. Eggels and F. T. M. Niewstadt},
  title = 	 {Large Eddy Simulation of a Turbulent Jet},
  booktitle = 	 {Computational Fluid Dynamics '92},
  editor =	 {Ch. Hirsch et al.},
  volume =	 1,
  year =	 1992,
  publisher =	 {Elsevier},
  pages =	 {247--254}
}

@TechReport{pfm87,
  author = 	 {Ugo Piomelli and Joel H. Ferziger and Parviz Moin},
  title = 	 {Models for Large Eddy Simulations of Turbulent Channel
                  Flows Including Transpiration},
  institution =  {Department of Mechanical Engineering, Stanford University},
  year = 	 1987,
  number =	 {TF-32}
}

@Article{pfm89,
  author = 	 "Ugo Piomelli and Joel Ferziger and Parviz Moin",
  title = 	 "New Approximate Boundary Conditions for Large Eddy
		  Simulations of Wall-Bounded Flows",
  journal =	 PoFA,
  year =	 1989,
  volume =	 1,
  number =	 6,
  pages =	 "1061--1068"
}

@Article{pio93a,
  author = 	 "Ugo Piomelli",
  title = 	 "High {Reynolds} Number Calculations Using the
		  Dynamic Subgrid-Scale Stress Model",
  journal =	 PoFA,
  year =	 1993,
  volume =	 5,
  number =	 6,
  pages =	 "1484--1490"
}

@InCollection{pio93b,
  author = 	 "Ugo Piomelli",
  title = 	 "Applications of Large Eddy Simulations in
		  Engineering: An Overview",
  booktitle =	 "Large Eddy Simulation of Complex Engineering and
		  Geophysical Flows",
  publisher =	 "Cambridge",
  year =	 1993,
  editor =	 "Galperin and Orszag",
  pages =	 "119--137"
}

@InProceedings{pio97,
  author = 	 {Ugo Piomelli},
  title = 	 {Large-Eddy Simulations: Where We Stand},
  booktitle = 	 {Advances in DNS/LES},
  pages =	 {93--104},
  year =	 1997,
  editor =	 {C. Liu and Z. Liu},
  address =	 {Louisiana},
  month =	 {August},
  organization = {AFOSR}
}

@InCollection{pioch96,
  author = 	 {U. Piomelli and J. R. Chasnov},
  title = 	 {Large-eddy Simulations: Theory and Applications},
  booktitle = 	 {Turbulence Modelling and Transition},
  pages =	 {269--335},
  publisher =	 {Kluwer Academic},
  year =	 1996,
  editor =	 {Hall{\"{b}}ack, Henningson, Johansson and Alfredsson},
  series =	 {ERCOFTAC},
  chapter =	 7
}

@Article{piol95,
  author = 	 {Ugo Piomelli and Junhui Lui},
  title = 	 {Large-eddy Simulation of Rotating Channel Flows Using a
                  Localized Dynamic Model},
  journal = 	 PoF,
  year = 	 1995,
  volume =	 7,
  number =	 4,
  pages =	 {839--848}
}

@Article{pmf88,
  author = 	 "Ugo Piomelli and Parviz Moin and Joel H. Ferziger",
  title = 	 "Model Consistency in Large Eddy Simulation of
		  Turbulent Channel Flows",
  journal =	 PoF,
  year =	 1988,
  volume =	 31,
  number =	 7,
  pages =	 "1884--1891"
}

@TechReport{pmr88,
  author = 	 {L. Pauley and P. Moin and W. C. Reynolds},
  title = 	 {A Numerical Study of Unsteady Laminar Boundary Layer
                  Separation},
  institution =  {Department of Mechanical Engineering, Stanford University},
  year = 	 1988,
  number =	 {TF-34}
}

@Article{pruett00,
  author = 	 {C. David Pruett},
  title = 	 {Eulerian Time-Domain Filtering for 
                  Spatial Large Eddy Simulation},
  journal = 	 AIAAJ,
  year = 	 2000,
  volume =	 38,
  number =	 9,
  pages =	 {1634--1642}
}

@Article{pzsh90,
  author = 	 "Ugo Piomelli and Thomas A. Zang and Charles
		  G. Speziale and M. Yousuff Hussaini",
  title = 	 "On the Large-Eddy Simulation of Transitional
		  Wall-Bounded Flows",
  journal =	 PoFA,
  year =	 1990,
  volume =	 2,
  number =	 2,
  pages =	 "257--265"
}

@InProceedings{pzsl89,
  author = 	 {Ugo Piomelli and Thomas A. Zang and Charles G. Speziale
                  and Thomas S. Lund},
  title = 	 {Application of Renormalization Group Theory to the
                  Large-Eddy Simulation of Boundary Layers},
  booktitle = 	 {Instability and Transition},
  editor =	 {Hussaini and Voigt},
  volume =	 {II},
  year =	 1989,
  publisher =	 {Springer-Verlag},
  address =	 {Virginia},
  pages =	 {480--496}
}

@Article{ray94,
  author = 	 {William H. Raymond},
  title = 	 {Diffusion and Numerical Filters},
  journal = 	 MWR,
  year = 	 1994,
  volume =	 122,
  pages =	 {757--761}
}

@InCollection{rey90b,
  author = 	 "W. C. Reynolds",
  title = 	 "The Potential and Limitations of Direct and Large
		  Eddy Simulations",
  booktitle =	 "Whither Turbulence",
  publisher =	 "Springer",
  year =	 1990,
  editor =	 "J. L. Lumley",
}

@Article{rfbp97,
  author = 	 {W. Rodi and J. H. Ferziger and M. Breuer and 
                  M. Pourqui{\'{e}}},
  title = 	 {Status of Large Eddy Simulation: Results of a Workshop},
  journal = 	 JFE,
  year = 	 1997,
  volume =	 119,
  pages =	 {248--262}
}

@Article{rft98,
  author = 	 {J. Revstedt and L. Fuchs and C. Tr{\"{a}}g{\.{a}}rdh},
  title = 	 {Large Eddy Simulations of the Turbulent Flow in a 
                  Stirred Reactor},
  journal = 	 CES,
  year = 	 1998,
  volume =	 53,
  number =	 24,
  pages =	 {4041--4053}
}

@Article{ryc92,
  author = 	 {C. Ronchi and M. Ypma and V. M. Canuto},
  title = 	 {On the Application of the {Germano} Identity to
                  Subgrid-Scale Modelling},
  journal = 	 PoFA,
  year = 	 1992,
  volume =	 4,
  number =	 12,
  pages =	 {2927--2929}
}

@Article{saba95,
  author = 	 {M. V. Salvetti and S. Banerjee},
  title = 	 {{\em A Pirori\/} tests of a New Dynamic Subgrid-Scale Model
                  for Finite-Difference Large-Eddy Simulations},
  journal = 	 PoF,
  year = 	 1995,
  volume =	 7,
  number =	 11,
  pages =	 {2831--2847}
}

@Article{sabe98,
  author = 	 {M. V. Salvetti and F. Beux},
  title = 	 {The Effect of the Numerical Scheme on the Subgrid Scale
                  Term in Large Eddy Simulation},
  journal = 	 PoF,
  year = 	 1998,
  volume =	 10,
  number =	 11,
  pages =	 {3020--3022}
}

@Article{sak01,
  author = 	 {S. Stolz and N. A. Adams and L. Kleiser},
  title = 	 {An Approximate Deconvolution Model for Large-Eddy Simulation
                  with Application to Incompressible Wall-Bounded Flows},
  journal = 	 {PoF},
  year = 	 2001,
  volume =	 13,
  number =	 4,
  pages =	 {997--1015}
}

@InProceedings{sak99,
  author = 	 {Steffen Stolz and Nikolaus A. Adams and Leonard Kleiser},
  title = 	 {The Approximate Deconvolution Model Applied to {LES} of
                  Turbulent Channel Flow},
  booktitle = 	 {Direct and Large Eddy Simulation III},
  year =	 1999,
  editor =	 {N. D. Sandahm and P. Voke and L. Kleiser},
  publisher =	 {Kluwer}
}

@Article{scd00,
  author = 	 {P. Sagaut and P. Comte and F. Ducrois},
  title = 	 {Filterd Subgrid-Scale Models},
  journal = 	 PoF,
  year = 	 2000,
  volume =	 12,
  number =	 1,
  pages =	 {233--236}
}

@Article{schsch89,
  author = 	 {Helmut Schmidt and Ulrich Schumann},
  title = 	 {Coherent Structure of the Convective Boundary Layer
                  Derived from Large Eddy Simulations},
  journal = 	 JFM,
  year = 	 1989,
  volume =	 200,
  pages =	 {511--562}
}

@Article{schu75,
  author = 	 {U. Schumann},
  title = 	 {Subgrid Scale Model for Finite Difference Simulations 
                  of Turbulent Flows in Plane Channels and Annuli},
  journal = 	 JCP,
  year = 	 1975,
  volume =	 18,
  pages =	 {376--404}
}

@Article{sdm00,
  author = 	 {A. Suksangpanomrung and N. Djilali and P. Moinat},
  title = 	 {Large-Eddy Simulation of Separated Flow over a
                  Bluff Rectangular Plate},
  journal = 	 IJHFF,
  year = 	 2000,
  volume =	 21,
  pages =	 {655--663}
}

@InProceedings{shaf97,
  author = 	 {Kishan B. Shah and J. H. Ferziger},
  title = 	 {Stimulated Small Scale {SGS} Model and its Application
                  to Channel Flow},
  booktitle = 	 {Turbulent Shear Flows 8},
  year =	 1997,
  address =	 {Grenoble},
  month =	 {September}
}

@PhdThesis{shah98,
  author = 	 {Kishan B. Shah},
  title = 	 {Large Eddy Simulation of Flow Past a Cubic Obstacle},
  school = 	 {Stanford University},
  year = 	 1998
}

@InCollection{shfe95,
  author = 	 {K. B. Shah and J. H. Ferziger},
  title = 	 {A New Non-Eddy Viscosity Subgrid-Scale Model and its
                  Application to Channel Flow},
  booktitle = 	 {Annual Research Briefs},
  publisher =	 {Center for Turbulence Research},
  year =	 1995,
  pages =	 {73--90}
}

@Article{shhsv87,
  author = 	 {Ulrich Schumann and Thomas Hauf and Hartmut H{\"{o}}ller
                  and Hans Volkert},
  title = 	 {A MesoScale Model for the Simulation of Turbulence, Clouds
                  and Flow Over Mountains: Formulation and Validation
                  Examples},
  journal = 	 {Beitr.\ Phys.\ Atmosph.},
  year = 	 1987,
  volume =	 60,
  number =	 4,
  pages =	 {413--446}
}

@InCollection{smf96,
  author = 	 {A. Scotti and C. Meneveau and M. Fatica},
  title = 	 {Dynamic {Smagorinsky} Model on Anisotropic Grids},
  booktitle = 	 {Proceedings of the Summer Program},
  publisher =	 {Center for Turbulence Research},
  year =	 1996,
  pages =	 {259--276}
}

@Article{smf97,
  author = 	 {A. Scotti and C. Meneveau and M. Fatica},
  title = 	 {Dynamic {Smagorinsky} Model on Anisotropic Grids},
  journal = 	 PoF,
  year = 	 1997,
  volume =	 9,
  number =	 6,
  pages =	 {1856--1858}
}

@Article{sml93,
  author = 	 "Alberto Scotti and Charles Meneveau and Douglas K. Lilly",
  title = 	 "Generalized {Smagorinsky} Model for Anisotropic Grids",
  journal =	 PoFA,
  year =	 1993,
  volume =	 5,
  number =	 9,
  pages =	 "2306--2308"
}

@Article{smok96,
  author = 	 {S. M. Ould Kaber},
  title = 	 {A {Legendre} Pseudospectral Viscosity Method},
  journal = 	 JCP,
  year = 	 1996,
  volume =	 128,
  pages =	 {165--180}
}

@Article{spalart00,
  author = 	 {P. R. Spalart},
  title = 	 {Stategies for Turbulence Modelling and Simulations},
  journal = 	 IJHFF,
  year = 	 2000,
  volume =	 21,
  pages =	 {252--263}
}

@Article{spez85,
  author = 	 "Charles G. Speziale",
  title = 	 "Galilean Invariance of Subgrid-Scale Stress Models
		  in the Large-Eddy Simulation of Turbulence",
  journal =	 JFM,
  year =	 1985,
  volume =	 156,
  pages =	 "55--62"
}

@Article{spez98,
  author = 	 {Charles G. Speziale},
  title = 	 {Turbulence Modeling for Time-Dependent RANS and VLES:
                  A Review},
  journal = 	 AIAA,
  year = 	 1998,
  volume =	 36,
  number =	 2,
  pages =	 {173--184}
}

@Article{ssp99,
  author = 	 {L. Shao and S. Sarkar and C. Patano},
  title = 	 {On the Relationship Between the Mean Flow and Subgrid
                  Stresses in Large Eddy Simulation of Turbulent
                  Shear Flows},
  journal = 	 PoF,
  year = 	 1999,
  volume =	 11,
  number =	 5,
  pages =	 {1229--1248}
}

@Article{stola99,
  author = 	 {S. Stolz and N. A. Adams},
  title = 	 {An Approximate Deconvolution Procedure for
                  Large-Eddy Simulation},
  journal = 	 PoF,
  year = 	 1999,
  volume =	 11,
  number =	 7,
  pages =	 {1699--1701}
}

@Article{tak92,
  author = 	 {Wako Takanashi},
  title = 	 {Renormalization Group Analyses of $k$--$\epsilon$ Model
                  and {LES} Model of Turbulence Problem},
  journal = 	 {Jap.\ Soc.\ Mech.\ Eng.\ Int.\ J.},
  year = 	 1992,
  volume =	 35,
  number =	 2,
  pages =	 {186--188}
}

@Article{tsb01,
  author = 	 {Marc Terracol and Pierre Sagaut and Claude Basdevant},
  title = 	 {A Multilevel Algorithm for Large-Eddy Simulation
                  of Turbulent Compressible FLows},
  journal = 	 JCP,
  year = 	 2001,
  volume =	 167,
  pages =	 {439--474}
}

@Article{ven95,
  author = 	 {van der Ven, Harmen},
  title = 	 {A Family of Large Eddy Simulation {(LES)} Filters
                  of Nonuniform Filter Width},
  journal = 	 PoF,
  year = 	 1995,
  volume =	 7,
  number =	 5,
  pages =	 {1171--1172}
}

@Article{vgk96,
  author = 	 "Bert Vreman and Bernard Guerts and Hans Kuerten",
  title = 	 "Comparison of Numerical Schemes in Large-Eddy
		  Simulation of the Temporal Mixing Layer",
  journal =	 IJNMF,
  year =	 1996,
  volume =	 22,
  pages =	 "297--311"
}

@Article{vgk97,
  author = 	 {Bert Vreman and Bernard Geurts and Han Kuerten},
  title = 	 {Large-Eddy Simulation of the Turbulent Mixing Layer},
  journal = 	 JFM,
  year = 	 1997,
  volume =	 339,
  pages =	 {357--390}
}

@Article{vmyoh00,
  author = 	 {Roberto Verzicco and Jamaludin Mohd-Yusof
                  and Paolo Orlandi and Daniel Haworth},
  title = 	 {Large Eddy Simulation in Complex Geometric Configurations
                  Using Boundary Body Forces},
  journal = 	 AIAAJ,
  year = 	 2000,
  volume =	 38,
  number =	 3,
  pages =	 {427--433}
}

@Article{wcp92,
  author = 	 {Robert L. Walko and William R. Cotton and Roger A. Pielke},
  title = 	 {Large-Eddy Simulations of the Effects of Hilly Terrian
                  on the Convective Boundary Layer},
  journal = 	 {B.-Layer Met.},
  year = 	 1992,
  volume =	 58,
  pages =	 {133--150}
}

@Article{woli94,
  author = 	 {V. C. Wong and D. K. Lilly},
  title = 	 {A Comparison of Two Dynamic Subgrid Closure Methods for
                  Turbulent Thermal Convection},
  journal = 	 PoF,
  year = 	 1994,
  volume =	 6,
  number =	 2,
  pages =	 {1016--1023}
}

@Article{wong92,
  author = 	 {V. C. Wong},
  title = 	 {A Proposed Statistical-Dynamics Closure Method for the
                  Linear or Nonlinear Subgrid-Scale Stresses},
  journal = 	 PoFA,
  year = 	 1992,
  volume =	 4,
  number =	 5,
  pages =	 {1080--1082}
}

@Article{wusq97,
  author = 	 {Xiaohua Wu and Kyle D. Squires},
  title = 	 {Large Eddy Simulation of an Equilibrium Three-Dimensional
                  Turbulent Boundary Layer},
  journal = 	 AIAA,
  year = 	 1997,
  volume =	 35,
  number =	 1,
  pages =	 {67--74}
}

@Article{wwvj01,
  author = 	 {Gr{\'{e}}goire S. Winckelmans and Alan A. Wray and
                  Oleg V. Vasilyev and Herv{\'{e}} Jeanmart},
  title = 	 {Explicit-Filtering Large-Eddy Simulation using the 
                  Tensor-Diffusivity Model supplmented by a Dynamic
                  {Smagorinsky} Term},
  journal = 	 {PoF},
  year = 	 2001,
  volume =	 13,
  number =	 5,
  pages =	 {1385--1403}
}

@Article{yh93,
  author = 	 "Kyung-Soo Yang and Joel H. Ferziger",
  title = 	 "Large-Eddy Simulation of Turbulent Obstacle Flow
		  Using a Dynamic Subgrid-Scale Model",
  journal =	 AIAA,
  year =	 1993,
  volume =	 31,
  number =	 8,
  pages =	 "1406--1413"
}


@InCollection{yos86,
  author = 	 "Akira Yoshizawa",
  title = 	 "Large-Eddy Simulation of Turbulent Flows",
  booktitle =	 "Encyclopedia of Fluid Mechanics",
  publisher =	 "Gulf",
  year =	 1986,
  editor =	 "N. P. Cheremisinoff",
  volume =	 12,
  chapter =	 32,
  pages =        "1277--1297"
}

@Article{yosh89,
  author = 	 "Akira Yoshizawa",
  title = 	 "Subgrid-Scale Modelling with a Variable Length Scale",
  journal =	 PoFA,
  year =	 1989,
  volume =	 1,
  number =	 7,
  pages =	 "1293--1295"
}

@Article{yoyi89,
  author = 	 "A. Yakhot and S. A. Orszag and V. Yakhot and M. Israeli",
  title = 	 "Renormalization Group Formulation of Large-Eddy Simulations",
  journal =	 JSC,
  year =	 1989,
  volume =	 4,
  number =	 2,
  pages =	 "139--158"
}

@Article{zho89,
  author = 	 {Ye Zhou and Mursed Hossain},
  title = 	 {A Critical Look at the Use of Filters in
                  Large Eddy Simulations},
  journal = 	 PLA,
  year = 	 1989,
  volume =	 139,
  number =	 7,
  pages =	 {330--332}
}

@Article{zhvo96,
  author = 	 "Hong Zhao and Peter R. Voke",
  title = 	 "A Dynamic Subgrid-Scale Model for
		  Low-{Reynolds}-Number Channel Flow",
  journal =	 IJNMF,
  year =	 1996,
  volume =	 23,
  pages =	 "19--27"
}

@InProceedings{zsk93a,
  author = 	 "Yan Zang and Robert L. Street and Jeffrey R. Koseff",
  title = 	 "Large Eddy Simulation of Turbulent Cavity Flow Using
		  a Dynamic Subgrid-Scale Model",
  volume =	 "FED-162",
  pages =	 "121--126",
  booktitle =	 "Engineering Applications of Large Eddy Simulations",
  year =	 1993,
  organization = "ASME"
}

@Article{zsk93b,
  author = 	 {Yan Zang and Robert L. Street and Jeffrey R. Koseff},
  title = 	 {Large Eddy Simulation of Turbulent Cavity Flow Using
		  a Dynamic Subgrid-Scale Model},
  journal = 	 PoFA,
  year = 	 1993,
  volume =	 5,
  number =	 12,
  pages =	 {3186--3196}
}
