% $Id$
%%%%%%%%%%%%%%%%%%%%%%%%%%%%%%%%%%%%%%%%%%%%%%%%%%%%%%%%%%%%%%%%%%%%%%%%%%%%%%

@Article{pepa87,
  author = 	 {K. A. Pericleous and M. K. Patel},
  title = 	 {The Modelling of Tangential and Axial Agitators
                  in Chemical Reactors},
  journal = 	 {PhysicoChem.\ Hydrodyn.},
  year = 	 1987,
  volume =	 8,
  number =       2,
  pages =	 {105--123}
}

@Article{dtw93,
  author = 	 {R. J. Downie and M. C. Thompson and R. A. Wallis},
  title = 	 {An Engineering Approach to Blade Designs for Low to Medium
                  Pressure Rise Rotor-Only Axial Fans},
  journal = 	 ETFS,
  year = 	 1993,
  volume =	 6,
  pages =	 {376--401}
}

@Article{kerwin86,
  author = 	 {Justin E. Kerwin},
  title = 	 {Marine Propellers},
  journal = 	 ARFM,
  year = 	 1986,
  volume =	 18,
  pages =	 {367--403}
}

@Article{hoho05,
  author = 	 {Howard P. Hodson and Robert J. Howell},
  title = 	 {The Role of Transition in High-Lift Low-Pressure Turbines
                  for Aeroengines},
  journal = 	 PAS,
  year = 	 2005,
  volume =	 41,
  pages =	 {419--454}
}

