
@Article{nsj99,
  author = 	 {F. Noca and D. Shiels and D. Jeon},
  title = 	 {A Comparison of Methods for Evaluating Time-Dependent Fluid
                  Dynamic Forces on Bodies, Using Only Velocity Fields
                  and Their Derivatives},
  journal = 	 JFS,
  year = 	 1999,
  volume =	 13,
  pages =	 {551--578}
}

@Article{wuwu96,
  author = 	 {J. Z. Wu and J. M. Wu},
  title = 	 {Vorticity Dynamics on Boundaries},
  journal = 	 AAM,
  year = 	 1996,
  volume =	 32,
  pages =	 {119--275}
}

@Article{wu80,
  author = 	 {J. C. Wu},
  title = 	 {Theory for Aerodynamic Force and Moment in Viscous Flows},
  journal = 	 AIAA,
  year = 	 1980,
  volume =	 19,
  number =	 4,
  pages =	 {432--441}
}

@Article{brs96,
  author = 	 "P. S. Brar and R. Raul and R. H. Scanlan",
  title = 	 "Numerical Calculation of Flutter Derivatives Via
		  Indicical Functions",
  journal =	 JFS,
  year =	 1996,
  volume =	 10,
  pages =	 "337--351"
}


@Article{cri85,
  author = 	 "David G. Crighton",
  title = 	 "The {Kutta} Condition in Unsteady Flow",
  journal =	 ARFM,
  year =	 1985,
  volume =	 17,
  pages =	 "411--445"
}

@Article{lig69,
  author = 	 {M. J. Lighthill},
  title = 	 {Hydrodynamics of Aquatic Animal Propulsion},
  journal = 	 ARFM,
  year = 	 1969,
  volume =	 1,
  pages =	 {413--446}
}

@Article{light86,
  author = 	 "James Lighthill",
  title = 	 "Fundamentals Concerning Wave Loading on Offshore Structures",
  journal =	 JFM,
  year =	 1986,
  volume =	 173,
  pages =	 "667--681"
}

@Article{nsj97,
  author = 	 {F. Noca and D. Shiels and D. Jeon},
  title = 	 {Measuring Instantaneous Fluid Dynamics Forces on Bodies,
                  Using Only Velocity Fields and Their Derivatives},
  journal = 	 JFS,
  year = 	 1997,
  volume =	 11,
  number =	 3,
  pages =	 {345--350}
}

@Article{rc85,
  author = 	 "W. C. Reynolds and L. W. Carr",
  title = 	 "Review of Unsteady, Driven, Separated Flows",
  number =	 "AIAA-85-0527"
}
