
@Article{cooa82,
  author = 	 {W. A. Cook and W. R. Oakes},
  title = 	 {Mapping Methods for Generating Three-Dimensional Meshes},
  journal = 	 CME,
  year = 	 1982,
  volume =	 {67--72},
  month =	 {August}
}

@Article{oscs99,
  author = 	 {S. J. Owen and M. L> Staten and S. A. Canann and S. Saigal},
  title = 	 {Q-Morph:
                  an Indirect Approach to Advancing Front Quad Meshing},
  journal = 	 IJNME,
  year = 	 1999,
  volume =	 44,
  pages =	 {1317--1340}
}

@Article{owsa00,
  author = 	 {Steven J. Owen and Sunil Saigal},
  title = 	 {H-Morph:
                  an Indirect Approach to Advancing Front Meshing},
  journal = 	 IJNME,
  year = 	 2000,
  volume =	 49,
  pages =	 {289--312}
}

@Article{albe97,
  author = 	 {Alejandro Allievi and Rudolpho Bermejo},
  title = 	 {A Generalized Particle Search-Locate Algorithm
                  for Arbitrary Grids},
  journal = 	 JCP,
  year = 	 1997,
  volume =	 132,
  pages =	 {157--166}
}

@TechReport{als87,
  author = 	 "Zuheyr Alsalihi",
  title = 	 "Two Dimensional Hyperbolic Grid Generation",
  institution =  VKI,
  year = 	 1987,
  number =	 162
}

@Article{ash95,
  author = 	 "Cleve Ashcraft",
  title = 	 "Compressed Graphs and The Minimum Degree Algorithm",
  journal =	 "SIAM J. Sci.\ Comput.",
  year =	 1995,
  volume =	 16,
  number =	 6,
  pages =	 "1404--1411"
}

@TechReport{blast90,
  author = 	 "Ted D. Blacker and Michael B. Stephenson",
  title = 	 "Paving: A New Approach to Automated Quadrilateral
		  Mesh Generation",
  institution =  "Sandia National Laboratories",
  year = 	 1990,
  number =	 "SAND-90-0249"
}

@Article{blast91,
  author = 	 "Ted D. Blacker and Michael B. Stephenson",
  title = 	 "Paving: A New Approach to Automated Quadrilateral
		  Mesh Generation",
  journal =	 IJNME,
  year =	 1991,
  volume =	 32,
  pages =	 "811--847"
}

@Article{cp95,
  author = 	 "William J. Coirier and Kenneth G. Powell",
  title = 	 "An Accuracy Assessment of {Cartesian}-Mesh Approaches
		  for the {Euler} Equations",
  journal =	 JCP,
  year =	 1995,
  volume =	 117,
  pages =	 "121--131"
}

@Article{dl94,
  author = 	 "Tim David and Robert Lewis",
  title = 	 "Adaptive Panel Methods and their Integration with {CAD}",
  journal =	 IJNMF,
  year =	 1994,
  volume =	 18,
  pages =	 "747--760"
}

@Article{gor71,
  author = 	 "William J. Gordon",
  title = 	 "Blending-Function Methods of Bivariate and
		  Multivariate Interpolation and Approximation",
  journal =	 JNA,
  year =	 1971,
  volume =	 8,
  number =	 1,
  pages =	 "158--177"
}

@Article{gorh73,
  author = 	 "William J. Gordon and Charles A. Hall",
  title = 	 "Construction of Curvilinear Co-Ordinate Systems and
		  Applications in Mesh Generation",
  journal =	 IJNME,
  year =	 73,
  volume =	 7,
  pages =	 "461--477"
}

@TechReport{jon73,
  author = 	 "R. E. Jones",
  title = 	 "{QMESH}: A Self-Organizing Mesh Generation Program",
  institution =  "Sandia Laboratories",
  year = 	 1973,
  number =	 "SLA-73-1088"
}

@Article{kal95,
  author = 	 "Y. Kallinderis",
  title = 	 "Adaptive Hybrid Prismatic/Tetrahedral Grids",
  journal =	 IJNMF,
  year =	 1995,
  volume =	 20,
  pages =	 "1023--1037"
}

@Article{kkm96,
  author = 	 "Yannis Kallenderis and Aly Khawaja and Harlan McMorris",
  title = 	 "Hybrid Prismatic/Tetrahedral Grid Generation for
		  Viscous Flows Around Cmplex Geometries",
  journal =	 AIAA,
  year =	 1996,
  volume =	 32,
  number =	 2,
  pages =	 "291--298"
}

@Article{loh95,
  author = 	 "Rainald L{\"{o}}hner",
  title = 	 "Robust, Vectorized Search Algorithms for
		  Interpolation on Unstructured Grids",
  journal =	 JCP,
  year =	 1995,
  volume =	 118,
  number =	 "380--387"
}

@Article{mavd95,
  author = 	 "Dimitri J. Mavriplis",
  title = 	 "An Advancing Front {Delaunay} Triangulation Algorithm
		  Designed for Robustness",
  journal =	 JCP,
  year =	 1995,
  volume =	 117,
  pages =	 "90--101"
}

@Article{park96,
  author = 	 {V. Parthasarathy and Y. Kallinderis},
  title = 	 {Adaptive Prismatic-Tetrahedral Grid Refinement and
                  Redistribution for Viscous Flows},
  journal = 	 AIAA,
  year = 	 1996,
  volume =	 34,
  number =	 4,
  pages =	 {707--716}
}

@Article{pvmz87,
  author = 	 {J. Peraire and M. Vahdati and K. Morgan and
                  O. C. Zienkiewcz},
  title = 	 {Adaptive Remeshing for Compressible Flow Computations},
  journal = 	 JCP,
  year = 	 1987,
  volume =	 72,
  pages =	 {449--466}
}

@Article{set94,
  author = 	 "J. A. Sethian",
  title = 	 "Curvature Flow and Entropy Conditions Applied to
		  Grid Generation",
  journal =	 JCP,
  year =	 1994,
  volume =	 115,
  pages =	 "440--454"
}

@Article{smjo96,
  author = 	 "Richard J. Smith and Leslie J. Johnston",
  title = 	 "Automatic Grid Generation and Flow Solution for
		  Complex Geometries",
  journal =	 AIAA,
  year =	 1996,
  volume =	 34,
  number =	 6,
  pages =	 "1120--1124"
}

@Article{tama91,
  author = 	 "T. H. K. Tam and C. G. Armstrong",
  title = 	 "{2D} Finite Element Mesh Generation bu Medial Axis
		  Subdivision",
  journal =	 "Adv.\ Eng.\ Software",
  year =	 1991,
  volume =	 13,
  number =	 "5/6",
  pages =	 "313--324"
}

@Article{tama93,
  author = 	 "T. H. K. Tam and C. G. Armstrong",
  title = 	 "Finite Element Mesh Control by Integer Programming",
  journal =	 IJNME,
  year =	 1993,
  volume =	 36,
  pages =	 "2581--2605"
}

@TechReport{tay89,
  author = 	 {Nancy L. Taylor},
  title = 	 {Raster Metafile and Raster Metafile Translator},
  institution =  {NASA},
  year = 	 1989,
  number =	 {NASA-TM-102588}
}

@Article{tp90,
  author = 	 "Jeffrey A. Talbert and Alan R. Parkinson",
  title = 	 "Development of an Automatic, Two-Dimensional Finite
		  Element Mesh Generator Using Quadrilateral Elements
		  and {Bezier} Curve Boundary Definition",
  journal =	 IJNME,
  year =	 1990,
  volume =	 29,
  pages =	 "1551--1567"
}

@Article{us93,
  author = 	 "K. Uemura and T. Saito",
  title = 	 "Automatic Mesh Generation for {FEM} Simulation of Wind
		  Flow Around Tall Buildings",
  journal =	 JWEIA,
  year =	 1993,
  volume =	 46,
  pages =	 "357--362"
}

@Article{vin83,
  author = 	 "Marcel Vinokur",
  title = 	 "On One-Dimensional Stretching Functions for
		  Finite-Difference Calculations",
  journal =	 JCP,
  year =	 1983,
  volume =	 50,
  pages =	 "215--234"
}

@TechReport{war84,
  author = 	 "Z. U. A. Warsi",
  title = 	 "Numerical Generation of Orthogonal and
		  Non-Orthogonal Coordinates in Two-Dimensional
		  Simply- and Doubly-Connected Regions",
  institution =  VKI,
  year = 	 1984,
  number =	 151
}

@Manual{will90,
  title = 	 "DIME: Distributed Irregular Mesh Environment",
  author =	 "Roy Williams",
  organization = "California Institute of Technology",
  year =	 1990
}

@Article{will92,
  author = 	 "Roy D. Williams",
  title = 	 "Voxel Databases: A Paradigm for Parallelism with
		  Spatial Structure",
  journal =	 "Concurrency",
  year =	 1992,
  volume =	 4,
  number =	 8,
  pages =	 "619--636"
}

@Article{wzsz90,
  author = 	 "J. Wu and J. Z. Zhu and J. Szmelter and O. C. Zienkiewicz",
  title = 	 "Error Estimation and Adaptivity in
		  {Navier}--{Stokes} Incompressible Flows",
  journal =	 CM,
  year =	 1990,
  volume =	 6,
  pages =	 "259--270"
}

@Article{zzhw91,
  author = 	 {J. Z. Zhu and O. C. Zienkiewicz and E. Hinton and J. Wu},
  title = 	 {A New Approach to the Development of Automatic
                  Quadrilateral Mesh Generation},
  journal = 	 IJNME,
  year = 	 1991,
  volume =	 32,
  pages =	 {849--866}
}



