% $Id$
%%%%%%%%%%%%%%%%%%%%%%%%%%%%%%%%%%%%%%%%%%%%%%%%%%%%%%%%%%%%%%%%%%%%%%%%%%%%%%

@Article{ceggww04,
  author = 	 {A. Cramer and S. Eckert and V. Galindo and G. Gerbeth
                  and B. Willers and W. Witke},
  title = 	 {Liquid Metal Experiments on Casting and Solidification
                  Processes},
  journal = 	 {J. Mat.\ Sci.},
  year = 	 2004,
  volume =	 39,
  pages =	 {7285--7294}
}


@Article{fsg04,
  author = 	 {J. Stiller and K. Frana and R. Grundmann},
  title = 	 {Direct Numerical Simulation of Transitional and
                  Weakly Turbulent Flow Driven by a Rotating Magnetic Field},
  journal = 	 PF,
  year = 	 2004,
  note =	 {submitted}
}

