% $Id$
%%%%%%%%%%%%%%%%%%%%%%%%%%%%%%%%%%%%%%%%%%%%%%%%%%%%%%%%%%%%%%%%%%%%%%%%%%%%%%

@Article{ott90,
  author = 	 {J. M. Ottino},
  title = 	 {Mixing, Chaotic Advection, and Turbulence},
  journal = 	 ARFM,
  year = 	 1990,
  volume =	 22,
  pages =	 {207--53}
}

@InCollection{ott92,
  author = 	 {J. M. Ottino},
  title = 	 {New Applications of Chaos in Chemical Engineering:
                  Intuition Versus Prediction},
  booktitle = 	 {Applied Chaos},
  pages =	 {143--174},
  publisher =	 {Wiley},
  year =	 1992,
  editor =	 {J. H. Kim and J. Stringer}
}

@Article{ott94,
  author = 	 {J. M. Ottino},
  title = 	 {Mixing and Chemical Reactions: A Tutorial},
  journal = 	 CES,
  year = 	 1994,
  volume =	 49,
  number =	 {24A},
  pages =	 {4005--4027}
}

@Article{ott89,
  author = 	 {Julio M. Ottino},
  title = 	 {The Mixing of Fluids},
  journal = 	 SA,
  year = 	 1989,
  pages =	 {56--67},
  month =	 {January}
}

@Article{fkw94,
  author = 	 {M. D. Fokema and S. M. Kresta and P. E. Wood},
  title = 	 {Importance of Using the Corect Impeller Boundary Conditions
                  for {CFD} Simulations of Stirred Tanks},
  journal = 	 CJCE,
  year = 	 1994,
  volume =	 72,
  pages =	 {177--183}
}

@Article{hlr95,
  author = 	 {Harvey, {III}, Albert D. and Cassian K. Lee and
                  Stuart E. Rogers},
  title = 	 {Steady-State Modeling and Experimental Measurement of a 
                  Baffled Impeller Stirred Tank},
  journal = 	 AIChEJ,
  year = 	 1995,
  volume =	 41,
  number =	 10,
  pages =	 {2177--2186}
}

@Article{krwo91,
  author = 	 {Suzanne M. Kresta and Phillip E. Wood},
  title = 	 {Prediction of Three-Dimensional Turbulent Flow
                  in Stirred Tanks},
  journal = 	 AIChEJ,
  year = 	 1991,
  volume =	 37,
  number =	 3,
  pages =	 {448--460}
}

@Article{mwb97,
  author = 	 {K. J. Myers and R. W. Ward and Andr{\'{e}} Bakker},
  title = 	 {A Digital Particel Image Velocimetry Investigation of 
                  Flow Field Instabilities of Axial-Flow Impellers},
  journal = 	 JFE,
  year = 	 1997,
  volume =	 199,
  pages =	 {623--631}
}

@Article{haro96,
  author = 	 {Harvey, {III}, Albert D. and Stuart E. Rogers},
  title = 	 {Steady and Unsteady Computation
                  of Impeller-Strirred Reactors},
  journal = 	 AIChEJ,
  year = 	 1996,
  volume =	 42,
  number =	 10,
  pages =	 {2701--2711}
}

@InCollection{at86,
  author = 	 "A. Amirtharajah and N. Tambo",
  title = 	 "Mixing in Water Treatment",
  booktitle =	 "Mixing in Coagulation and Flocculation",
  publisher =	 "Am.\ Water Works Assoc.",
  year =	 1986,
  editor =	 "Amirtharajah and Clark and Trussell",
  chapter =	 1
}

@Article{cs43,
  author = 	 "Thomas R. Camp and P. C. Stein",
  title = 	 "Velocity Gradients and Internal Work in Fluid Motion",
  journal =	 "J.\,Boston Soc.\ Civ.\ Eng.",
  year =	 1943,
  volume =	 30,
  number =	 4,
  pages =	 "219--237"
}

@Article{dan53,
  author = 	 "P. V. Danckwerts",
  title = 	 "Continuous Flow Systems",
  journal =	 CES,
  year =	 1953,
  volume =	 2,
  number =	 1,
  pages =	 "1--13"
}

@Article{dcw97,
  author = 	 {Joel J. Ducoste and Mark M. Clark and Ronald J. Weetman},
  title = 	 {Turbulence in Flocculators: EFfects of Tank Size and
                  Impeller Type},
  journal = 	 AIChEJ,
  year = 	 1997,
  volume =	 43,
  number =	 2,
  pages =	 {328--337}
}

@Article{drlb97,
  author = 	 {R. Djebbar and M. Roustan and A. Line and M. Bouaifi},
  title = 	 {{CFD} Mass Transfer Predictions in Aerated Agitated Tanks
                  Equipped with Axial Impellers},
  journal = 	 {R{\'{e}}c.\ Prog.\ G{\'{e}}nie des Proc.},
  year = 	 1997,
  volume =	 11,
  number =	 2,
  pages =	 {239--246}
}

@Article{lg72a,
  author = 	 "D. M. Levins and J. R. Glastonbury",
  title = 	 "Particle--Liquid Hydrodynamics and Mass Transfer in
		  a Stirred Vessel.  {Part I}---{Particle}--Liquid Motion",
  journal =	 TIChE,
  year =	 1972,
  volume =	 50,
  pages =	 "32--41"
}
@Article{lg72b,
  author = 	 "D. M. Levins and J. R. Glastonbury",
  title = 	 "Particle--Liquid Hydrodynamics and Mass Transfer in
		  a Stirred Vessel.  {Part II}---{Mass} Transfer",
  journal =	 TIChE,
  year =	 1972,
  volume =	 50,
  pages =	 "132--146"
}

@Article{rub91,
  author = 	 {L. Rubart and G. B{\"{o}}hme},
  title = 	 {Numerical Simulation of Shear-Thinning Flow
                  Problems in Mixing Vessels},
  journal = 	 {Theoret.\ Comput.\ Fluid Dyn.},
  year = 	 1991,
  volume =	 3,
  pages =	 {95--115}
}

@Article{sidd93,
  author = 	 {H. Siddiqui},
  title = 	 {Mixing Technology for Buoyant Solids in a Nonstandard
                  Vessel},
  journal = 	 AICHEJ,
  year = 	 1993,
  volume =	 39,
  number =	 3,
  pages =	 {505--509}
}

@Article{wzp01,
  author = 	 {J. Wu and Y. Zhu and L. Pullum},
  title = 	 {Impeller Geometry Effect on Velocity and Solids Suspension},
  journal = 	 ICE,
  year = 	 2001,
  volume =	 79,
  number =	 {A},
  pages =	 {989--997}
}

@Article{thed90,
  author = 	 {R. W. Thring and M. F. Edwards},
  title = 	 {An Experimental Investigation into the Complete Suspension
                  of Floatig Solids in an Agitated Tank},
  journal = 	 {Ind.\ Eng.\ Chem.\ Res.},
  year = 	 1990,
  volume =	 29,
  pages =	 {676--682}
}

@InProceedings{hskt88,
  author = 	 {R. R. Hemrajani and D. L. Smith and R. M. Koros
                  and B. L. Tarmy},
  title = 	 {Suspending Floating Solids in Stirred Tanks ---
                  Mixer Design, Scale-Up and Optimization},
  booktitle =	 {6th Eur.\ Conf.\ Mixing},
  pages =	 {259--265},
  year =	 1988,
  address =	 {Pavia},
  month =	 {May},
  publisher =	 {BHRA}
}

