% $Id$
%%%%%%%%%%%%%%%%%%%%%%%%%%%%%%%%%%%%%%%%%%%%%%%%%%%%%%%%%%%%%%%%%%%%%%%%%%%%%%%

@Article{buhe80,
  author = 	 {F. H. Busse and K. E. Heikes},
  title = 	 {Convection in a Rotating Layer: A Simple Case of Turbulence},
  journal = 	 {Science},
  year = 	 1980,
  volume =	 208,
  number =	 11,
  pages =	 {173--175}
}

@InCollection{busse81,
  author = 	 {F. H. Busse},
  title = 	 {Transition to Turbulence in {Rayleigh}--{B{\'{e}}nard}
                  Convection},
  booktitle = 	 {Hydrodynamic Instabilities and the Transition to Turbulence},
  pages =	 {97--137},
  publisher =	 {Springer},
  year =	 1981,
  editor =	 {H. L. Swinney and J. P. Gollub},
  volume =	 45,
  series =	 {Topics in Applied Physics}
}

@Article{buscl79,
  author = 	 {F. H. Busse and R. M. Clever},
  title = 	 {Instabilities of Convection Rolls in a Fluid of Moderate
                  {Prandtl} Number},
  journal = 	 JFM,
  year = 	 1979,
  volume =	 91,
  number =	 2,
  pages =	 {319--335}
}

@Article{buswh71,
  author = 	 {F. H. Busse and J. A. Whitehead},
  title = 	 {Instability of Convection Rolls in a High {Prandtl}
                  Number Fluid},
  journal = 	 JFM,
  year = 	 1971,
  volume =	 47,
  number =	 2,
  pages =	 {305--320}
}

@Article{buswh74,
  author = 	 {F. H. Busse and J. A. Whitehead},
  title = 	 {Oscillatory and Collective Instabilities in Large {Prandtl}
                  Number Convection},
  journal = 	 JFM,
  year = 	 1974,
  volume =	 66,
  number =	 1,
  pages =	 {67--79}
}

@Article{dlp92,
  author = 	 {I. Demird{\v{z}}i{\'{c}} and {\v{Z}}. Lilek and M.
                  Peri{\'{c}}},
  title = 	 {Fluid Flow and Heat Transfer Test Problems for
                  Non-Orthogonal Grids: Bench-Mark Solutions},
  journal = 	 IJNMF,
  year = 	 1992,
  volume =	 15,
  pages =	 {329--354}
}

@TechReport{dvd81,
  author = 	 {G. de Vahl Davis},
  title = 	 {Natural Convection of Air in a Square Cavity: An Accurate
                  Numerical Solution},
  institution =  {Mech.\ and Ind.\ Eng., Univ.\ New South Wales},
  year = 	 1981,
  number =	 {1981/FMT/1}
}

@Article{hps90,
  author = 	 {M. Hortmann and M. Peri{\'{c}} and G. Scheuerer },
  title = 	 {Finite Volume Multigrid Prediction of Laminar Natural
                  Convection: Bench-Mark Solutions},
  journal = 	 IJNMF,
  year = 	 1990,
  volume =	 11,
  pages =	 {189--207}
}

@Article{liba95,
  author = 	 {Yuguo Li and Lisa Baldachino},
  title = 	 {Implementation of Some Higher-Order Convection Schemes
                  on Non-Uniform Grids},
  journal = 	 IJNMF,
  year = 	 1995,
  volume =	 21,
  pages =	 {1201--1220}
}

@Article{linh93,
  author = 	 {H. H. Lin and Y. H. Hung},
  title = 	 {Transient Convection Heat Transfer in a Vertical Rib-Heated
                  Channel Using a Turbulence Promoter},
  journal = 	 IJHMT,
  year = 	 1993,
  volume =	 36,
  number =	 6,
  pages =	 {1553--1571}
}

@Article{phil84,
  author = 	 {Timothy N. Phillips},
  title = 	 {Natural Convection in an Enclosed Cavity},
  journal = 	 JCP,
  year = 	 1984,
  volume =	 54,
  pages =	 {365--381}
}

@Article{xq01,
  author = 	 {Shihe Xin and Le Qu{\'{e}}r{\'{e}}, Patrick},
  title = 	 {Linear Stability Analyses of Natural Convection Flows in 
                  a Differentially Heated Square Cavity with Conducting Walls},
  journal = 	 PF,
  year = 	 2001,
  volume =	 13,
  number =	 9,
  pages =	 {2529--2542}
}

@Article{xq02,
  author = 	 {Shihe Xin and Le Qu{\'{e}}r{\'{e}}, Patrick},
  title = 	 {An Extended {Chebyshev} Pseudo-Spectral Benchmark for the
                  8:1 Differentially Heated Cavity},
  journal = 	 INNMF,
  year = 	 2002,
  volume =	 40,
  pages =	 {981--998}
}

