% $Id$
%%%%%%%%%%%%%%%%%%%%%%%%%%%%%%%%%%%%%%%%%%%%%%%%%%%%%%%%%%%%%%%%%%%%%%%%%%%%%%%

@Article{lamb98,
  author = 	 {Jeroen S. W. Lamb},
  title = 	 {$k$-Symmetry and Return Maps of Spacetime Symmetric Flows},
  journal = 	 NL,
  year = 	 1998,
  volume =	 11,
  pages =	 {601--629}
}

@Article{lamb96,
  author = 	 {Jeroen S. W. Lamb},
  title = 	 {Local Bifurcations in $k$-Symmetric Dynamical Systems},
  journal = 	 NL,
  year = 	 1996,
  volume =	 9,
  pages =	 {537--557}
}

@Article{hpk02,
  author = 	 {M. Higuera and J. Porter and E. Knobloch},
  title = 	 {Heteroclinic Dynamics in the Nonlocal Parametrically
                  Driven Nonlinear {Schr{\"{o}}dinger} Equation},
  journal = 	 PD,
  year = 	 2002,
  volume =	 162,
  pages =	 {155-187}
}

@Article{swwi84,
  author = 	 {James W. Swift and Kurt Wiesenfeld},
  title = 	 {Suppression of Period Doubling in Symmetric Systems},
  journal = 	 PRL,
  year = 	 1984,
  volume =	 52,
  number =	 9,
  pages =	 {705--708}
}

@Article{iojo77,
  author = 	 {G. Iooss and D. D. Joseph},
  title = 	 {Bifuctaion and Stability of $nT$-Periodic Solutions
                  Branching From $T$-Periodic Solutions
                  at Points of Resonance},
  journal = 	 ARMA,
  year = 	 1977,
  volume =	 66,
  pages =	 {135--172}
}

@Article{or97,
  author = 	 {A. C. Or},
  title = 	 {Finite-Wavelength Instability in a Horizontal Liquid Layer
                  on an Oscillating Plane},
  journal = 	 {JFM},
  year = 	 1997,
  volume =	 335,
  pages =	 {213--232}
}

@Article{hstu01,
  author = 	 {Yung-Chia Hsiao and Pi-Cheng Tung},
  title = 	 {Coalsescence of the Primary Responses and the
                  Secondary Responses in a Nonautonomous System},
  journal = 	 PLA,
  year = 	 2001,
  volume =	 291,
  pages =	 {237--248}
}

@Article{schulze99,
  author = 	 {T. P. Schulze},
  title = 	 {A Note on Subharmonic Resonances},
  journal = 	 PoF,
  year = 	 1999,
  volume =	 11,
  number =	 12,
  pages =	 {3573--3576}
}

@Article{ekrc86,
  author = 	 {J.-P. Eckmann and S. Oliffson Kamphorst and D. Ruelle
                  and S. Ciliberto},
  title = 	 {Liapunov Exponents from Time Series},
  journal = 	 PRA,
  year = 	 1986,
  volume =	 34,
  number =	 6,
  pages =	 {4971--4979}
}

@InCollection{absh87,
  author = 	 {Ralph H. Abraham and Christopher D. Shaw},
  title = 	 {Dynamics: A Visual Introduction},
  booktitle = 	 {Self-Organizing Systems},
  pages =	 {543--597},
  publisher =	 {Plenum},
  year =	 1987,
  editor =	 {F. E. Yates},
  chapter =	 29
}

@Article{healey95,
  author = 	 {J. J. Healey},
  title = 	 {Time Series Analysis of Physical Systems
                  Possessing Homoclinicity},
  journal = 	 PD,
  year = 	 1995,
  volume =	 80,
  pages =	 {48--60}
}

@Article{brki86,
  author = 	 {D. S. Broomhead and Gregory P. King},
  title = 	 {Extracting Qualitative Dynamics from Experimental Data},
  journal = 	 PD,
  year = 	 1986,
  volume =	 20,
  pages =	 {217--236}
}

@Article{goy85,
  author = 	 {Celso Grebogi and Edward Ott and James A. Yorke},
  title = 	 {Attractors on an $N$-Torus: Quasiperiodicity Versus Chaos},
  journal = 	 PD,
  year = 	 1985,
  volume =	 15,
  pages =	 {354--373}
}

@Article{glsp84,
  author = 	 {Paul Glendinning and Colin Sparrow},
  title = 	 {Local and Global Behaviour near Homoclinic Orbits},
  journal = 	 {J. Stat.\ Phys.},
  year = 	 1984,
  volume =	 35,
  number =	 {5/6},
  pages =	 {645--696}
}

@Article{tuba90,
  author = 	 {Laurette S. Tuckerman and Dwight Barkley},
  title = 	 {Bifurcation Analysis of the {Eckhaus} Instability},
  journal = 	 PD,
  year = 	 1990,
  volume =	 46,
  pages =	 {57--86}
}

@Article{pemu01,
  author = 	 {T. Peacock and T. Mullin},
  title = 	 {Homoclinic Bifurcations in a Liquid Crystal},
  journal = 	 JFM,
  year = 	 2001,
  volume =	 432,
  pages =	 {369--386}
}

@Article{mupr89,
  author = 	 {T. Mullin and T. J. Price},
  title = 	 {An Experimental Observation of Chaos Arising from the
                  Interaction of Steady and Time-Dependent Flows},
  journal = 	 {Nature},
  year = 	 1989,
  volume =	 340,
  pages =	 {294--296},
  month =	 {July}
}

@Article{kpm97,
  author = 	 {Jung-Im Kim and Hwa-Kyun Park and Hie-Tae Moon},
  title = 	 {Period Doubling of a Torus:
                  Chaotic Breathing of a Localised Wave},
  journal = 	 PRE,
  year = 	 1997,
  volume =	 55,
  number =	 4,
  pages =	 {3948--3951}
}

@Article{lame99,
  author = 	 {Jeroen S. W. Lamb and Ian Melbourne},
  title = 	 {Bifurcation from Discrete Rotating Waves},
  journal = 	 {Arch.\ Rat.\ Mech.\ Anal.},
  year = 	 1999,
  volume =	 149,
  pages =	 {229--270}
}

@Article{glen84,
  author = 	 {Paul Glendinning},
  title = 	 {Bifurcations Near Homoclinic Orbits with Symmetry},
  journal = 	 PLA,
  year = 	 1984,
  volume =	 {103},
  number =	 4,
  pages =	 {163--166}
}

@Article{crakno91,
  author = 	 {John David Crawford and Edgar Knobloch},
  title = 	 {Symmetry and Symmetry-Breaking Bifurcations
                  in Fluid Dynamics},
  journal = 	 ARFM,
  year = 	 1991,
  volume =	 23,
  pages =	 {341--387}
}

@Article{frsw86,
  author = 	 {Andrew M. Fraser and Harry L. Swinney},
  title = 	 {Independent Coordinates for Strange Attractors from
                  Mutual Information},
  journal = 	 PRA,
  year = 	 1986,
  volume =	 33,
  number =	 2,
  pages =	 {1134--1140}
}

@Article{hlm98,
  author = 	 {B. Hof and P. G. J. Lucas and T. Mullin},
  title = 	 {Flow State Multiplicity in Convection},
  journal = 	 PoF,
  year = 	 1998,
  volume =	 11,
  number =	 10,
  pages =	 {2815--2817}
}

@Article{metb92,
  author = 	 {Guy Metcalfe and R. P. Behringer},
  title = 	 {Observation of Chaotic Bursting and Attractor Switching
                  in a Fluid},
  journal = 	 PRA,
  year = 	 1992,
  volume =	 46,
  number =	 2,
  pages =	 {711--714}
}

@InCollection{oli92a,
  author = 	 "D. J. Olinger",
  title = 	 "Aero-Elastic Coupling and Low-Dimensional Chaos in
		  Laminar Cylinder Wakes",
  booktitle =	 "Fundamental Aspects of Fluid--Structure Interaction",
  publisher =	 "ASME",
  year =	 1992,
  editor =	 "M. P. Paidoussis and T. Akylas and P. B. Abraham",
  volume =	 "PVP--247",
  pages =	 "139--149"
}

@InProceedings{oli92b,
  author = 	 "D. J. Olinger",
  title = 	 "Nonlinear Dynamics in the Low {Reynolds} Number
		  Cylinder Wake",
  booktitle =	 "First World Congress of Nonlinear Analysts, Forum on
		  Nonlinear Fluid Mechanics",
  year =	 1992
}

@Article{oli93a,
  author = 	 "D. J. Olinger",
  title = 	 "A Low-Dimensional Model for Chaos in Open Fluid Flows",
  journal =	 PoFA,
  year =	 1993,
  volume =	 5,
  number =	 8,
  pages =	 "1947--1951"
}

@Article{oli93b,
  author = 	 "D. J. Olinger",
  title = 	 "Lock-In States in the Dripping Mode of a Capillary Jet",
  journal =	 EF,
  year =	 1993,
  volume =	 15,
  pages =	 "155--158"
}

@Article{olsr88,
  author = 	 {D. J. Olinger and K. R. Sreenivasan},
  title = 	 {Nonlinear Dynamics of the Wake of an Oscillating Cylinder},
  journal = 	 PRL,
  year = 	 1988,
  volume =	 60,
  number =	 9,
  pages =	 {797--800}
}

@Article{pcfs80,
  author = 	 {N. H. Packard and J. P. Crutchfield and J. D. Farmer
                  and R. S. Shaw},
  title = 	 {Geometry of a Time Series},
  journal = 	 PRL,
  year = 	 1980,
  volume =	 45,
  number =	 9,
  pages =	 {712--716}
}

@Article{wssv85,
  author = 	 {Alan Wolf and Jack B. Swift and Harry L. Swinney and
                  John A. Vastano},
  title = 	 {Determining {Lyapunov} Exponents from a Time Series},
  journal = 	 PD,
  year = 	 1985,
  volume =	 {16},
  pages =	 {285--317}
}

@Article{zes93,
  author = 	 {Fang Zhong and Robert E. Ecke and Victor Steinberg},
  title = 	 {Rotating {R}ayleigh--{B}{\'{e}}nard Convection:
                  Asymmetric Modes and Vortex States},
  journal = 	 JFM,
  year = 	 1993,
  volume =	 249,
  pages =	 {135--159}
}





