
@InCollection{mpmm93,
  author = 	 "J. E. Maneval and R. L. Powell and M. J. McCarthy
		  and K. L. McCarthy",
  title = 	 "Magnetic Resonance Imaging of Multiphase Systems",
  booktitle =	 "Particulate Two-Phase Flow",
  publisher =	 "Butterworth--Heinemann",
  year =	 1993,
  editor =	 "M. C. Roco",
  chapter =	 4,
  pages =	 "127--168"
}

@Article{tcp95,
  author = 	 "M. A. Turney and M. K. Cheung and R. L. Powell",
  title = 	 "Hindered Settling of Rod-Like Particles Measured
		  with Magnetic Resonance Imaging",
  journal =	 AIChEJ,
  year =	 1995,
  volume =	 41,
  number =	 2,
  pages =	 "251--257"
}

