% $Id$
%%%%%%%%%%%%%%%%%%%%%%%%%%%%%%%%%%%%%%%%%%%%%%%%%%%%%%%%%%%%%%%%%%%%%%%%%%%%%%

@Article{tmhs98,
  author = 	 {R. M. Turian and T.-W. Ma and F.-L. G. Hsu and D.-J. Sung},
  title = 	 {Flow of Concentrated Non-{Newtonian} Slurries: 1. Friction
                  Losses in Laminar, Turbulent and Transition Flow 
                  Through Straight Pipe},
  journal = 	 IJMF,
  year = 	 1998,
  volume =	 24,
  number =	 2,
  pages =	 {225--242}
}

@InCollection{dule01,
  author = 	 {Y. Dubief and S. K. Lele},
  title = 	 {Direct Numerical Simulation of Polymer Flow},
  booktitle = 	 {Annual Research Briefs},
  pages =	 {197--208},
  publisher =	 {Center for Turbulence Research},
  year =	 2001
}

@Article{clapp61,
  author = 	 {R. M. Clapp},
  title = 	 {Turbulent Heat Transfer in Pseudoplastic
                  Non-{Newtonian} Fluids},
  journal = 	 {Int.\ Dev.\ Heat Mass Trans.},
  year = 	 1961,
  volume =	 {III},
  pages =	 {652--661}
}

@Article{lohi01,
  author = 	 {Juan M. Lopez and Amir H. Hirsa},
  title = 	 {Oscillatory Driven Cavity with an Air/Water Interface
                  and an Insoluble Monolayer: Surface Viscosity Effects},
  journal = 	 {J.\,Colloid Interf.\ Sci.},
  year = 	 2001,
  volume =	 242,
  pages =	 {1--5}
}

@Article{sbh97,
  author = 	 {R. Sureshkumar and Antony M. Beris and Robert A. Handler},
  title = 	 {Direct Numerical Solution of the Turbulent
                  Channel Flow of a Polymer Solution},
  journal = 	 PoF,
  year = 	 1997,
  volume =	 9,
  number =	 3,
  pages =	 {743--755}
}

@Article{aab95,
  author = 	 "D. Anne-Archard and H. C, Boisson",
  title = 	 "A Finite Element Simulation of the Cross-Effects of
		  Viscoelasticity and Inertia in an Agitated Vessel",
  journal =	 IJNMF,
  year =	 1995,
  volume =	 21,
  pages =	 "75--90"
}

@Article{cro83,
  author = 	 "M. J. Crochet",
  title = 	 "Numerical Methods in Non-{Newtonian} Fluid Mechanics",
  journal =	 ARFM,
  year =	 1983,
  volume =	 15,
  pages =	 "241--260"
}

@Article{denn90,
  author = 	 "Morton M. Denn",
  title = 	 "Issues in Viscoelastic Fluid Mechanics",
  journal =	 ARFM,
  year =	 1990,
  volume =	 22,
  pages =	 "13--34"
}

@Article{dkn98,
  author = 	 {A. A. Draad and G. D. C. Kuiken and F. T. M. Nieuwstadt},
  title = 	 {Laminar--Turbulent Transition in Pipe Flow for
                  {N}ewtonian and non-{N}ewtonian Fluids},
  journal = 	 JFM,
  year = 	 1998,
  volume =	 377,
  pages =	 {267--312}
}

@InProceedings{har91,
  author = 	 "J. P. Hartnett",
  title = 	 "Viscoelastic Fluids: Experimental Challenges",
  editor =	 "J. F. Keffer and R. K. Shah and E. N. Gani\'{c}",
  pages = 	 "621--626",
  booktitle =	 "Experimental Heat Transfer, Fluid Mechanics, and
		  Thermodynamics",
  year =	 1991,
  publisher =	 "Elsevier"
}

@Article{nb92,
  author = 	 "Q. D. Nguyen and D. V. Boger",
  title = 	 "Measuring the Flow Properties of Yield Stress Fluids",
  journal =	 ARFM,
  year =	 1992,
  volume =	 24,
  pages =	 "47--88"
}

@Article{pea76,
  author = 	 "J. R. A. Pearson",
  title = 	 "Instability in Non-{Newtonian} Flow",
  journal =	 ARFM,
  year =	 1976,
  pages =	 "163--181"
}

@PhdThesis{sla95,
  author = 	 "P. T. Slatter",
  title = 	 "Transitional and Turbulent Flow of Non-{Newtonian}
		  Slurries in Pipes",
  school = 	 "University of Capetown",
  year = 	 1995
}

@InProceedings{spw94,
  author = 	 "A. Shekarriz and J. R. Phillips",
  title = 	 "Experimental Study of a Pseudoplastic Jet Using
		  Particle Image Velocimetry",
  pages =	 "191--201",
  booktitle =	 "Laser Anemometry: Advances and Applications",
  year =	 1994,
  organization = "ASME"
}

@Article{ss82,
  author = 	 {A. V. Shenoy and D. R Saini},
  title = 	 {A New Velocity Profile Model for Turbulent Pipe-Flow
                  of Power-Law Fluids},
  journal = 	 CJCE,
  year = 	 1982,
  volume =	 60,
  pages =	 {694--696}
}

@Article{crpi03,
  author = 	 {D. O. A. Cruz and F. T. Pinho},
  title = 	 {Turbulent Pipe Flow Predictions with a low {Reynolds}
                  number $k$--$\varepsilon$ Model for Drag-Reducing Fluids},
  journal = 	 JNNFM,
  year = 	 2003,
  volume =	 114,
  pages =	 {109--148}
}

@Article{pinho03,
  author = 	 {F. T. Pinho},
  title = 	 {A {GNF} Framework for Turbulent Flow Models of Drag-Reducing
                  Fluids and a Proposal for a $k$--$\varepsilon$ Type Closure},
  journal = 	 JNNFM,
  year = 	 2003,
  volume =	 114,
  pages =	 {149--184}
}

@Article{pndt05,
  author = 	 {J. Peixinho and C. Nouar and C. Desaubry
                  and B. Th{\'{e}}ron},
  title = 	 {Laminar Transitional and Turbulent Flow of Yield Stress
                  Fluid in a Pipe},
  journal = 	 JNNFM,
  year = 	 2005,
  volume =	 128,
  pages =	 {172--184}
}

@Article{sibilla02,
  author = {S. Sibilla and A. Baron},
  title = {Polymer stress statistics in the near-wall turbulent flow
     of a drag-reducing solution},
  journal = PF,
  volume = 14,
  pages = {1123--1136},
  year = 2002
}

@Article{osorio84,
  author = {F. A. Osorio and J. F. Steffe},
  title = {Kinetic-energy calculations for non-{Newtonian} fluids in
     circular tubes},
  journal = {Journal Of Food Science},
  volume = 49,
  pages = {1295--6},
  year = 1984
}

@Article{yoshizawa03,
  author = {A. Yoshizawa},
  title = {Turbulent-viscosity reduction mechanism based on
     anisotropic turbulence effects},
  journal = PF,
  volume = 15,
  pages = {3875--3878},
  year = 2003
}

@Article{min03,
  author = {T. Min and Y. Y. Jung and H. Choi and D. D. Joseph},
  title = {Drag reduction by polymer additives in a turbulent channel
     flow},
  journal = JFM,
  volume = 486,
  pages = {213--238},
  year = 2003
}

@Article{niezgoda-zelasko07,
  author = {B. Niezgoda-Zelasko and J. Zelasko},
  title = {Generalized {non-Newtonian} flow of ice-slurry},
  journal = {Chemical Engineering And Processing},
  volume = 46,
  pages = {895--904},
  year = 2007
}

@Article{pinho90,
  author = {F. T. Pinho and J. H. Whitelaw},
  title = {Flow of non-{Newtonian} fluids in a pipe},
  journal = JNNFM,
  volume = 34,
  pages = {129--144},
  year = 1990
}

@Article{guillou07,
  author = {S. Guillou and R. Makhloufi},
  title = {Effect of a shear-thickening rheological behaviour on the
     friction coefficient in a plane channel flow: {A} study by
     {Direct} {Numerical} Simulation},
  journal = JNNFM,
  volume = 144,
  pages = {73--86},
  year = 2007
}

@Article{chilton98,
  author = {R. A. Chilton and R. Stainsby},
  title = {Pressure loss equations for laminar and turbulent
     {non-Newtonian} pipe flow},
  journal = {ASCE Journal Of Hydraulic Engineering},
  volume = 124,
  pages = {522--529},
  year = 1998
}

@Article{oliveira98,
  author = {P. J. Oliveira and F. T. Pinho},
  title = {A qualitative assessment of the role of a viscosity
     depending on the third invariant of the rate-of-deformation tensor
     upon turbulent {non-Newtonian} flow},
  journal = JNNFM,
  volume = 78,
  pages = {1--25},
  year = 1998
}

