% $Id$
%%%%%%%%%%%%%%%%%%%%%%%%%%%%%%%%%%%%%%%%%%%%%%%%%%%%%%%%%%%%%%%%%%%%%%%%%%%%%%%

@Article{toor98,
  author = 	 {Ananias G. Tomboulides and Steven A. Orszag},
  title = 	 {A Quasi-Two-Dimensional Benchmark Problem for Low
                  {Mach} Number Compressible Codes},
  journal = 	 JCP,
  year = 	 1998,
  volume =	 146,
  pages =	 {691--706}
}

@Article{saad80,
  author = 	 {Y. Saad},
  title = 	 {Variations on {Arnoldi's} Method for Computing
                  Eigenelements of Large Unsymmetric Matrices},
  journal = 	 {Lin.\ Alg.\ Appl.},
  year = 	 1980,
  volume =	 34,
  pages =	 {269--295}
}

@Article{higham91,
  author = 	 {Nicholas J. Higham},
  title = 	 {A Collection of Test Matrices in {MATLAB}},
  journal = 	 {ACM Trans.\ Math.\ Soft.},
  year = 	 1991,
  volume =	 17,
  number =	 3,
  pages =	 {289--305}
}

@Article{gear69,
  author = 	 {G. W. Gear},
  title = 	 {A Simple Set of Test Matrices for Eigenvalue Problems},
  journal = 	 {Math.\ Comput.},
  year = 	 1969,
  volume =	 23,
  pages =	 {119--125}
}

@Article{hfh89,
  author = 	 {T. J. R. Hughes and L. P. Franca and G. M. Hulbert},
  title = 	 {A New Finite Element Formulation for Computational
                  Fluid Dynamics: {VIII} The {Galerkin}/Least Squares
                  Method for Advective--Diffusive Equations},
  journal = 	 CMAME,
  year = 	 1989,
  volume =	 73,
  pages =	 {173--189}
}

@Article{tats95,
  author = 	 {L. Q. Tang and T. T. H. Tsang},
  title = 	 {An Efficient Least-Squares Finite Element Method for 
                  Incompressible Flows and Transport Processes},
  journal = 	 CFD,
  year = 	 1995,
  volume =	 4,
  pages =	 {21--29}
}

@Article{obb98,
  author = 	 {J. Tinsley Oden and Ivo Bab{\v{u}}ska
                  and Carlos Erik Baumann},
  title = 	 {A Discontinuous $hp$ Finite Element Method
                  for Diffusion Problems},
  journal = 	 JCP,
  year = 	 1998,
  volume =	 146,
  pages =	 {491--519}
}

@InProceedings{tuck89,
  author = 	 {Laurette S. Tuckerman},
  title = 	 {Steady-State Solving via {Stokes} Preconditioning: 
                  Recursion Relations for Elliptic Operators},
  booktitle = 	 {11th Int.\ Conf.\ Num.\ Meth.\ Fluid Dyn.},
  pages =	 {573--577},
  year =	 1989,
  editor =	 {Dwoyer, Hussaini and Voigt},
  series =	 {Lecture Notes in Physics},
  publisher =	 {Springer}
}

@Article{mahesh98,
  author = 	 {Krishnan Mahesh},
  title = 	 {A Family of High Order Finite Difference Schemes
                  with Good Spectral Resolution},
  journal = 	 JCP,
  year = 	 1998,
  volume =	 145,
  pages =	 {332--358}
}

@Article{shen95,
  author = 	 {Jie Shen},
  title = 	 {Efficient Spectral--{G}alerkin Method {II}:
                  Direct Solvers of Second- and Fourth-Order Equations
                  Using Chebyshev Polynomials},
  journal = 	 {SIAM J. Sci.\ Comput.},
  year = 	 1995,
  volume =	 16,
  number =	 1,
  pages =	 {74--87}
}

@Article{holmes90,
  author = 	 {J. D. Holmes},
  title = 	 {Analysis and Synthesis of Pressure Fluctuations
                  on Bluff Bodies Using Eigenvectors},
  journal = 	 JWEIA,
  year = 	 1990,
  volume =	 33,
  pages =	 {219--230}
}

@Article{hsks97,
  author = 	 {J. D. Holmes and R. Sankaran and
                  K. C. S. Kwok and M. J. Syme},
  title = 	 {Eigenvector Modes of Fluctuating Pressures
                  on Low-Rise Building Models},
  journal = 	 JWEIA,
  year = 	 1997,
  volume =	 {69--71},
  pages =	 {697--707}
}

@Article{hps90,
  author = 	 {M. Hortmann and M. Peri{\'{c}} and G. Scheuerer},
  title = 	 {Finite Volume Multigrid Prediction of 
                  Laminar Natural Convection: Benchmark Solutions},
  journal = 	 IJNMF,
  year = 	 1990,
  volume =	 11,
  pages =	 {189--207}
}

@Article{schsch91,
  author = 	 {Mark R. Schumack and William W. Schultz},
  title = 	 {Spectral Method Solution of the {Stokes} Equations 
                  on Nonstaggered Grids},
  journal = 	 JCP,
  year = 	 1991,
  volume =	 94,
  pages =	 {30--58}
}

@Article{shca01,
  author = 	 {Spencer J. Sherwin and Mario Casarin},
  title = 	 {Low-Energy Basis Preconditioning for Elliptic
                  Substructured Solvers Based on Unstructured Spectral/$hp$
                  Element Discretization},
  journal = 	 JCP,
  year = 	 2001,
  volume =	 171,
  pages =	 {394--417}
}

@Article{lms02,
  author = 	 {J. M. Lopez and F. Marques and Jie Shen},
  title = 	 {An Efficient Spectral-Projection Method for the
                  {Navier}--{Stokes} Equation in Cylindrical Geometries {II}.
                  {Three} Dimensional Cases},
  journal = 	 JCP,
  year = 	 2002,
  note =	 {Accepted}
}

@Article{strang89,
  author = 	 {Gilbert Strang},
  title = 	 {Wavelets and Dilation Equations: A Brief Introduction},
  journal = 	 {SIAM Rev.},
  year = 	 1989,
  volume =	 31,
  number =	 4,
  pages =	 {614--627}
}

@Article{bsq96,
  author = 	 {G. A. Blaisdell and E. T. Spyropoulos and J. H. Qin},
  title = 	 {The Effect of Formuation pf Nonlinear Terms on
                  Aliasing Errors in Spectral Mthods},
  journal = 	 ANM,
  year = 	 1996,
  volume =	 21,
  pages =	 {207--219}
}

@Article{shmo98,
  author = 	 {Karim Shariff and Robert D. Moser},
  title = 	 {Two-Dimensional Mesh Embedding For {B}-Spline Methods},
  journal = 	 JCP,
  year = 	 1998,
  volume =	 145,
  pages =	 {471--488}
}

@Article{gri97,
  author = 	 {Dvid F. Griffiths},
  title = 	 {The `No Boundary Condition' Outflow Boundary Condition},
  journal = 	 IJNMF,
  year = 	 1997,
  volume =	 24,
  pages =	 {393--411}
}

@Article{ren97,
  author = 	 {Michael Renardy},
  title = 	 {Imposing `No' Boundary Condition at Outflow:
                  Why Does it Work?},
  journal = 	 IJNMF,
  year = 	 1997,
  volume =	 24,
  pages =	 {413--417}
}

@Article{shen94,
  author = 	 {Jie Shen},
  title = 	 {Efficient Spectral--{G}alerkin Method {I}:
                  Direct Solvers of Second- and Fourth-Order Equations
                  Using Legendre Polynomials},
  journal = 	 {SIAM J. Sci.\ Comput.},
  year = 	 1994,
  volume =	 15,
  number =	 6,
  pages =	 {1487--1505}
}

@Article{shen97,
  author = 	 {Jie Shen},
  title = 	 {Efficient Spectral--{G}alerkin Methods {III}:
                  Polar and Cylindrical Geometries},
  journal = 	 {SIAM J. Sci.\ Comput.},
  year = 	 1997,
  volume =	 18,
  number =	 6,
  pages =	 {1583--1604}
}

@Article{losh98,
  author = 	 {J. M. Lopez and Jie Shen},
  title = 	 {An Efficient Spectral-Projection Method for the
                  {N}avier--{S}tokes Equations in Cylindrical Geometries},
  journal = 	 JCP,
  year = 	 1998,
  volume =	 139,
  pages =	 {308--326}
}

@Article{bcg89,
  author = 	 {John B. Bell and Phillip Colella and Harland M. Glaz},
  title = 	 {A Second-Order Projection Method for the Incompressible
                  {Navier}--{Stokes} Equations},
  journal = 	 JCP,
  year = 	 1989,
  volume =	 85,
  pages =	 {257--283}
}

@Article{brmi95,
  author = 	 {David L. Brown and Michael L. Minion},
  title = 	 {Performance of Under-Resolved Two-Dimensional
                  Incompressible Flow Simulations},
  journal = 	 JCP,
  year = 	 1995,
  volume =	 122,
  pages =	 {165--183}
}

@Article{capu94,
  author = 	 {Claudio Canuto and Gabriella Puppo},
  title = 	 {Bubble Stablization of Spectral {Legendre} Methods
                  for the Advection--Diffusion Equation},
  journal = 	 CMAME,
  year = 	 1994,
  volume =	 118,
  pages =	 {239--263}
}

@Article{als92,
  author = 	 "John Argyris and Armin Laxander and Jochen Szimmart",
  title = 	 "{Petrov}--{Galerkin} Finite Element Approach to
		  Coupled Heat and Fluid Flow",
  journal =	 CMAME,
  year =	 1992,
  volume =	 94,
  pages =	 "181--200"
}

@Article{ames73,
  author = 	 "W. F. Ames",
  title = 	 "Some Computational-Steeples in Fluid Mechanics",
  journal =	 "SIAM Rev.",
  year =	 1973,
  volume =	 15,
  number =	 2,
  pages =	 "524--552"
}

@Article{anr96,
  author = 	 "Christopher R. Anderson and Marc C. Reider",
  title = 	 "A High Order Explicit Method for the Computation of
		  Flow About a Circular Cylinder",
  journal =	 JCP,
  year =	 1996,
  volume =	 125,
  pages =	 "207--224"
}

@TechReport{aw88,
  author = 	 {J. H. Alderton and N. S. Wilkes},
  title = 	 {Some Applications of New Finite Difference Schemes
                  for Fluid Flow Problems},
  institution =  {Atomic Energy Research Establishment},
  year = 	 1988,
  number =	 13234
}

@Article{bab73,
  author = 	 "Ivo Babu{\v{s}}ka",
  title = 	 "The Finite Element Method with Penalty",
  journal =	 MC,
  year =	 1973,
  volume =	 27,
  number =	 122,
  pages =	 "221--228"
}

@Article{be79,
  author = 	 "Michel Bercovier and Michael Engelman",
  title = 	 "A Finite Element for the Numerical Solution of
		  Viscous Incompressible Flows",
  journal =	 JCP,
  year =	 1979,
  volume =	 30,
  pages =	 "181--201"
}

@Article{besu94,
  author = 	 "Brent C. Bell and Karan S. Surana",
  title = 	 "$p$-Version Least Squares Finite Element Formulation
		  for Two-Dimensional, Incompressible, Non-{Newtonian}
		  Isothermal and Non-Isothermal Fluid Flow",
  journal =	 IJNMF,
  year =	 1994,
  volume =	 18,
  pages =	 "127--162"
}

@Article{bf94,
  author = 	 "Ch.-H. Bruneau and P. Fabrie",
  title = 	 "Effective Downstream Boundary Conditions for
		  Incompressible {Navier}--{Stokes} Equations",
  journal =	 IJNMF,
  year =	 1994,
  volume =	 19,
  pages =	 "693--705"
}

@Article{bh82,
  author = 	 "Alexander N. Brooks and Thomas J. R. Hughes",
  title = 	 "Streamline Upwind/{Petrov}--{Galerkin} Formulations
		  for Convection Dominated Flows with Particular
		  Emphasis on the Incompressible {Navier}--{Stokes}
		  Equations",
  journal =	 CMAME,
  year =	 1982,
  volume =	 32,
  pages =	 "199--259"
}

@Article{bkz92,
  author = 	 "J. U. Brackbill and D. B. Kothe and C. Zemach",
  title = 	 "A Continuum Method for Modelling Surface Tension",
  journal =	 JCP,
  year =	 1992,
  volume =	 100,
  number =	 2,
  pages =	 "335--354"
}

@Article{bm81,
  author = 	 "J. Thomas Beale and Andrew Majda",
  title = 	 "Rates of Convergence for Viscous Splitting of the
		  {Navier}--{Stokes} Equations",
  journal =	 MC,
  year =	 1981,
  volume =	 37,
  number =	 156,
  pages =	 "243--259"
}

@Article{bm91,
  author = 	 "S. Bouaoudia and P. S. Marcus",
  title = 	 "Fast and Accurate Treatment of Coordinate Singularities",
  journal =	 JCP,
  year =	 1991,
  volume =	 96,
  pages =	 "217--223"
}

@TechReport{brsa88,
  author = 	 "J. R. Briggs and A. H. J. Sale",
  title = 	 "Fast {Fourier} Transforms on Multiprocessor Architectures",
  institution =  "Univ.\ Tasmania",
  year = 	 1988,
  number =	 "R88-1"
}

@Article{bs95,
  author = 	 "Jean Braun and Malcolm Sambridge",
  title = 	 "A Numerical Method for Solving Partial Differential
		  Equations on Highly Irregular Evolving Grids",
  journal =	 "Nature",
  year =	 1995,
  volume =	 376,
  pages =	 "655--660"
}

@Article{btw96,
  author = 	 "Muarli Beddhu and Lafayette K. Taylor and David
		  L. Whitfield",
  title = 	 "Strong Conservative Form of the Incompressible
		  {Navier}--{Stokes} Equations in a Rotating Frame with
		  a Solution Procedure",
  journal =	 JCP,
  year =	 1996,
  volume =	 128,
  pages =	 "427--437"
}

@Article{cag96,
  author = 	 {Mark H. Carpenter and David Gottlieb},
  title = 	 {Spectral Methods on Arbitrary Grids},
  journal = 	 JCP,
  year = 	 1996,
  volume =	 129,
  pages =	 {74--86}
}

@Article{canq82,
  author = 	 {C. Canuto and A. Quarteroni},
  title = 	 {Approximation Results for Orthogonal Polynomials
                  in Sobolev Spaces},
  journal = 	 MC,
  year = 	 1982,
  volume =	 38,
  number =	 157,
  pages =	 {67--85}
}

@Article{cb95,
  author = 	 "D. J. Chaffin and A. J. Baker",
  title = 	 "On {Taylor} Weak Statement Finite Element Methods
		  for Computational Fluid Dynamics",
  journal =	 IJNMF,
  year =	 1995,
  volume =	 21,
  pages =	 "273--294"
}

@Article{cc88,
  author = 	 "J. Cahouet and J.-P. Chabard",
  title = 	 "Some Fast {3D} Finite Element Solvers for the
		  Generalized Stokes Problem",
  journal =	 IJNMF,
  year =	 1988,
  volume =	 8,
  pages =	 "869--895"
}

@Article{cdp95,
  author = 	 "J.-C. Carette and H. Deconnick and H. Paillere and
		  P. L. Roe",
  title = 	 "Multidimensional Upwinding: Its Relation to Finite
		  Elements",
  journal =	 IJNMF,
  year =	 1995,
  volume =	 20,
  pages =	 "935--955"
}

@Article{clt,
  author = 	 "R{\e'{e}}mi Choquet and P{\'{e}}n{'{e}}lope Leyland
		  and Tiana Tefy",
  title = 	 "GMRES Acceleration of Iterative Implicit Finite
		  Element Solvers for Compressible {Euler} and
		  {Navier}--{Stokes} Equations",
  journal =	 IJNMF,
  year =	 1995,
  volume =	 20,
  pages =	 "957--967"
}

@Article{cppt95,
  author = 	 "C. Conca and C. Pares and O. Pironneau and M. Thiriet",
  title = 	 "{Navier}--{Stokes} Equations with Imposed Pressure
		  and Velocity Fluxes",
  journal =	 IJNMF,
  year =	 1995,
  volume =	 20,
  pages =	 "267--287"
}

@InCollection{dg93,
  author = 	 "Edward J. Dean and Roland Glowinski",
  title = 	 "On Some Finite Element Methods for the Numerical
		  Simulation of Incompressible Viscous Flow",
  booktitle =	 "Incompressible Computational Fluid Mechanics",
  publisher =	 "Cambridge University Press",
  year =	 1993,
  editor =	 "Gunzberger and Nicolaides",
  chapter =	 2,
  pages =	 "17--65"
}

@Article{dgh82,
  author = 	 "J. Donea and S. Giuliani and J. P. Halleux",
  title = 	 "An Arbitrary {Lagrangian}--{Eulerian} Finite Element
		  Method for Transient Dynamic Fluid-Structure Interactions",
  journal =	 CMAME,
  year =	 1982,
  volume =	 33,
  pages =	 "689--723"
}

@Article{dglq82,
  author = 	 "J. Donea and S. Guiliani and H. Laval and L. Quartapelle",
  title = 	 "Finite Element Solution of the Unsteady
		  {Navier}--{Stokes} Equations by a Fractional Step Method",
  journal =	 CMAME,
  year =	 1982,
  volume =	 30,
  pages =	 "53--73"
}

@Article{dh96,
  author = 	 "D. L. Darmofal and R. Haimes",
  title = 	 "An Analysis of {3D} Particle Path Integration Algorithms",
  journal =	 JCP,
  year =	 1996,
  volume =	 123,
  pages =	 "182--195"
}

@Article{don84,
  author = 	 "Jean Donea",
  title = 	 "A {Taylor}--{Galerkin} Method for Convective
		  Transport Problems",
  journal =	 IJNME,
  year =	 1984,
  volume =	 20,
  pages =	 "101--119"
}

@Article{dorr84,
  author = 	 {Milo R. Dorr},
  title = 	 {The Approximation Theory for the $p$-Version of the Finite
                  Element Method},
  journal = 	 JNA,
  year = 	 1984,
  volume =	 21,
  number =	 6,
  pages =	 {1180--1207}
}

@Article{dq92,
  author = 	 "J. Donea and L. Quartapelle",
  title = 	 "An Introduction to Finite Element Methods for
		  Transient Advection Problems",
  journal =	 CMAME,
  year =	 1992,
  volume =	 95,
  pages =	 "169--203"
}

@Article{dur91,
  author = 	 "Louis J. Durlofsky",
  title = 	 "Numerical Calculation of Equivalent Grid Block
		  Permeability Tensors for Heterogeneous Porous Media",
  journal =	 "Water Resources Res.",
  year =	 1991,
  volume =	 27,
  number =	 5,
  pages =	 "699--708"
}

@Article{es94,
  author = 	 "C. Ross Ethier and D. A. Steinman",
  title = 	 "Exact Fully 3D {Navier}--{Stokes} Solutions for
		  Benchmarking",
  journal =	 IJNMF,
  year =	 1994,
  volume =	 19,
  pages =	 "369--375"
}

@Article{ferp96,
  author = 	 {Joel H. Ferziger and Milovan Peri{\'{c}}},
  title = 	 {Further Discussion of Numerical Errors in {CFD}},
  journal = 	 IJNMF,
  year = 	 1996,
  volume =	 23,
  pages =	 {1263--1274}
}

@Article{flm95,
  author = 	 "Charbel Farhat and Michel Lesoinne and Nathan Maman",
  title = 	 "Mixed Explicit/Implicit Time Integration of Coupled
		  Aeroelastic Problems: Three-Field Formulation,
		  Geometric Representation, Geometric Conservation and
		  Distributed Solution",
  journal =	 IJNMF,
  year =	 1995,
  volume =	 21,
  pages =	 "807--835"
}

@Article{for81,
  author = 	 "Michel Fortin",
  title = 	 "Old and New Finite Elements for Incompressible Flows",
  journal =	 IJNMF,
  year =	 1981,
  volume =	 1,
  pages =	 "347--364"
}

@Article{forsl94,
  author = 	 {Bengt Fornberg and David M. Sloan},
  title = 	 {A Review of Pseudospectral Methods for Solving 
                  Partial Differential Equations},
  journal = 	 {Acta Numerica},
  year = 	 1994,
  pages =	 {203--267}
}

@Article{fqz88,
  author = 	 {Danielle Funaro and Alfio Quarteroni and Paola Zanolli},
  title = 	 {An Iterative Procedure with Interface Relaxation
                  for Domain Decomposition Methods},
  journal = 	 JNA,
  year = 	 1988,
  volume =	 25,
  number =	 6,
  pages =	 {1213--1236}
}

@Article{ft79,
  author = 	 "M. Fortin and F. Thomasset",
  title = 	 "Mixed Finite-Element Methods for Incompressible Flows",
  journal =	 JCP,
  year =	 1979,
  volume =	 31,
  pages =	 "113--145"
}

@InProceedings{gaslau87,
  author = 	 {P. H. Gaskell and A. K. C. Lau},
  title = 	 {An Assessment of Direct Stress Modelling for Elliptic
                  Turbulent Flows with the aid of a Non-diffusive,
                  Boundedness-Preserving Discretization Scheme},
  booktitle = 	 {Conf. on Num. Methods Laminar and Turblent Flow},
  year =	 1987,
  address =	 {Montreal}
}

@Article{gc90,
  author = 	 "Philip M. Gresho and Stevens T. Chan",
  title = 	 "On The Theory of Semi-Implicit Projection Methods
		  for Viscous Incompressible Flow and its
		  Implementation via a Finite Element Method That Also
		  Introduces a Nearly Consistent Mass Matrix. Part 2:
		  Implementation",
  journal =	 IJNMF,
  year =	 1990,
  volume =	 11,
  pages =	 "621--659"
}

@Article{gcch95,
  author = 	 "P. M. Gresho and S. T. Chan and M. A. Christon and
		  A. C. Hindmarsh",
  title = 	 "A Little More on Stabilized $Q_1Q_2$ for Transient
		  Viscous Incompressible Flow",
  journal =	 IJNMF,
  year =	 1995,
  volume =	 21,
  pages =	 "837--856"
}

@Article{gclu84,
  author = 	 "Philip M. Gresho and Stevens T. Chan and Robert
		  L. Lee and Craig D. Upson",
  title = 	 "A Modified Finite Element Method for Solving the
		  Time-Dependent, Incompressible {Navier}--{Stokes}
		  Equations. Part~1: Theory.",
  journal =	 IJNMF,
  year =	 1984,
  volume =	 4,
  pages =	 "557--598"
}

@Article{ggtcwgsg93,
  author = 	 {Phillip M. Gresho and David K. Gartling and J. R. Torczynski
                  and K. A. Cliffe and K. H. Winters and T. J. Garratt and
                  A. Spence and John W. Goodrich},
  title = 	 {Is the Steady Viscous Incompressible Two-Dimensional Flow
                  Over a Backward-Facing Step at $\mbox{\it Re}=800$ Stable?},
  journal = 	 IJNMF,
  year = 	 1993,
  volume =	 17,
  pages =	 {501--541}
}

@Article{gl81,
  author = 	 "Philip M. Gresho and Robert L. Lee",
  title = 	 "Don't Supress the Wiggles---They're Telling You Something!",
  journal =	 CF,
  year =	 1981,
  volume =	 9,
  pages =	 "223--253"
}

@InCollection{glo91,
  author = 	 "Roland Glowinski",
  title = 	 "Finite Element Methods for the Numerical Simulation
		  of Incompressible Viscous Flow.  Introduction to the
		  Control of the {Navier}--{Stokes} Equations",
  booktitle =	 "Vortex Dynamics and Vortex Methods",
  publisher =	 "American Mathematical Society",
  year =	 1991,
  editor =	 "Christopher R. Anderson and Claude Greengard",
  volume =	 28,
  pages =	 "219--301"
}

@Article{glp79,
  author = 	 "R. Glowinski and O. Pironneau",
  title = 	 "On a Mixed Finite Element Approximation of the
		  {Stokes} Problem ({I})",
  journal =	 NM,
  year =	 1979,
  volume =	 33,
  pages =	 "397--424"
}

@InCollection{gls78,
  author = 	 "Phillip M. Gresho and Robert L. Lee and Robert L. Sani",
  title = 	 "Advection-Dominated Flows, with Emphasis on the
		  Consequences of Mass Lumping",
  booktitle =	 "Finite Elements in Fluids",
  publisher =	 "Wiley",
  year =	 1978,
  volume =	 3,
  chapter =	 19,
  pages =	 "335--350"
}

@InCollection{gls80,
  author = 	 "Phillip M. Gresho and Robert L. Lee and Robert L. Sani",
  title = 	 "On the Time-Dependent Solution of the Incompressible
		  {Navier}--{Stokes} Equations in Two and Three Dimensions",
  booktitle =	 "Recent Advances in Numerical Methods in Fluids",
  publisher =	 "Pineridge Press",
  year =	 1980,
  chapter =	 2,
  pages =	 "27--79",
  address =	 "Swansea"
}

@Article{gol73,
  author = 	 "Gene H. Golub",
  title = 	 "Some Modified Matrix Eigenvalue Problems",
  journal =	 "SIAM Rev.",
  year =	 1973,
  volume =	 15,
  number =	 2,
  pages =	 "318--334"
}

@Article{gom87,
  author = 	 "I. Goldhirsch and Steven A. Orszag and B. K. Maulik",
  title = 	 "An Efficient Method for Computing Leading
		  Eigenvalues and Eigenvectors of Large Asymmetric Matrices",
  journal =	 JSC,
  year =	 1987,
  volume =	 2,
  number =	 1,
  pages =	 "33--58"
}

@Article{gp92,
  author = 	 "Roland Glowinski and Olivier Pironneau",
  title = 	 "Finite Element Methods for {Navier}--{Stokes} Equations",
  journal =	 ARFM,
  year =	 1992,
  volume =	 24,
  pages =	 "167--204"
}

@Article{gpkp95,
  author = 	 "Roland Glowinski and Tsong-Whay Pan and Anthony
		  J. Kearsley and Jacques Periaux",
  title = 	 "Numerical Simulation and Optimal Shape for Viscous
		  Flow by a Fictitious Domain Method",
  journal =	 IJNMF,
  year =	 1995,
  volume =	 20,
  pages =	 "695--711"
}

@Article{gre90,
  author = 	 "Philip M. Gresho",
  title = 	 "On The Theory of Semi-Implicit Projection Methods
		  for Viscous Incompressible Flow and its
		  Implementation via a Finite Element Method That Also
		  Introduces a Nearly Consistent Mass Matrix. Part 1: Theory",
  journal =	 IJNMF,
  year =	 1990,
  volume =	 11,
  pages =	 "587--620"
}

@Article{gre91,
  author = 	 "P. M. Gresho",
  title = 	 "Incompressible Fluid Dynamics: Some Fundamental
		  Formulation Issues",
  journal =	 ARFM,
  year =	 1991,
  volume =	 23,
  pages =	 "413--453"
}

@Article{gre92,
  author = 	 "P. M. Gresho",
  title = 	 "Some Interesting Issues in Incompressible Fluid
		  Dynamics, Both in the Continuum and in Numerical
		  Simulation",
  journal =	 AAM,
  year =	 1992,
  volume =	 28,
  pages =	 "45--141"
}

@Article{grin94,
  author = 	 "Fernando F. Grinstein",
  title = 	 "Open Boundary Conditions in the Simulation of
		  Subsonic Turbulent Shear Flows",
  journal =	 JCP,
  year =	 1994,
  volume =	 115,
  pages =	 "43--55"
}

@InCollection{gs87,
  author = 	 "Philip M. Gresho and Robert L. Sani",
  title = 	 "On Pressure Boundary Conditions for the
		  Incompressible {Navier}--{Stokes} Equations",
  booktitle =	 "Finite Elements in Fluids",
  publisher =	 "Wiley",
  year =	 1987,
  editor =	 "R. H. Gallagher and R. Glowinski and P. M. Gresho
		  and J. T. Oden and O. C. Zienkiewicz",
  volume =	 7,
  chapter =	 7,
  pages =	 "123--157"
}

@InBook{gun96,
  author = 	 {Max D. Gunzburger},
  title = 	 {{Navier}--{Stokes} Equations for Incompressible Flows:
                 Finite Element Methods},
  chapter = 	 3,
  publisher = 	 {Academic Press},
  year = 	 1996,
  editor =	 {R. Peyret},
  address =	 {London},
  pages =	 {99--157}
}

@Article{guqu97,
  author = 	 {J.-L. Guermond and L. Quartapelle},
  title = 	 {Calculation of Incompressible Viscous Flows by an 
                  Unconditionally Stable Projection {FEM}},
  journal = 	 JCP,
  year = 	 1997,
  volume =	 132,
  pages =	 {12--33}
}

@Article{hb95,
  author = 	 "D. L. Hill and E. A. Baskharone",
  title = 	 "A Multiblock {Navier}--{Stokes} Algorithm Using
		  Equal-Order Quadratic Finite Elements",
  journal =	 IJNMF,
  year =	 1995,
  volume =	 20,
  pages =	 "169--185"
}

@InProceedings{heh91,
  author = 	 "V. Haroutunian and M. S. Engelman and I. Hasbani",
  title = 	 "Three Segregated Finite Element Solution Algorithms
		  for the Numerical Solution of Incompressible Flow Problems",
  volume =	 1,
  pages =	 "K102--K122",
  booktitle =	 "The Sixth International Conference in Australia on
		  Finite Element Methods",
  year =	 1991,
  publisher =	 "University of Sydney",
  address =	 "Sydney",
  month =	 "July"
}

@Article{heh93,
  author = 	 "Vah{\'{e}} Haroutunian and Michael S. Engelman and
		  Isaac Hasabi",
  title = 	 "Segregated Finite Element Algorithms for the
		  Numerical Solution of Large-Scale Incompressible
		  Flow Problems",
  journal =	 IJNMF,
  year =	 1993,
  volume =	 17,
  pages =	 "323--348"
}

@Article{hes90,
  author = 	 "J. L. Hess",
  title = 	 "Panel Methods in Computational Fluid Mechanics",
  journal =	 ARFM,
  year =	 1990,
  volume =	 22,
  pages =	 "255-274"
}

@Article{hfb86,
  author = 	 "Thomas J. R. Hughes and Leopold P. Franca and Marc Balestra",
  title = 	 "A New Finite Element Formulation for Computational
		  Fluid Dynamics: V. Circumventing the
		  {Babu{\v{s}}ka}--{Brezzi} Condition: A Stable
		  Petrov-Galerkin Formulation of the {Stokes} Problem
		  Accommodating Equal-Order Interpolations",
  journal =	 CMAME,
  year =	 1986,
  volume =	 59,
  pages =	 "85--99"
}

@Article{hir93,
  author = 	 "C. W. Hirt",
  title = 	 "Volume-Fraction Techniques: Powerful Tools for Wind
		  Engineering",
  journal =	 JWEIA,
  year =	 1993,
  volume =	 "46--47",
  pages =	 "327--338"
}

@Article{hlb79,
  author = 	 "Thomas J. R. Hughes and Wing Kan Liu and Alec Brooks",
  title = 	 "Finite Element Analysis of Incompressible Viscous
		  Flows by the Penalty Function Formulation",
  journal =	 JCP,
  year =	 1979,
  volume =	 30,
  pages =	 "1--60"
}

@Article{hp91,
  author = 	 "Lee-Wing Ho and Anthony T. Patera",
  title = 	 "Variational Formulation of Three-Dimensional Viscous
		  Free-Surface Flows: Natural Imposition of Surface
		  Tension Boundary Conditions",
  journal =	 IJNMF,
  year =	 1991,
  volume =	 13,
  pages =	 "691--698"
}

@Article{hrt96,
  author = 	 "John G. Heywood and Rolf Rannacher and Stefan Turek",
  title = 	 "Artificial Boundaries and Flux and Pressure
		  Conditions for the Incompressible {Navier}--{Stokes}
		  Equations",
  journal =	 IJNMF,
  year =	 1996,
  volume =	 22,
  pages =	 "325--352"
}

@Article{hs52,
  author = 	 "Magnus R. Hestenes and Eduard Stiefel",
  title = 	 "Methods of Conjugate Gradients for Solving Linear Systems",
  journal =	 "J. Res.\ Nat.\ Bureau Standards",
  year =	 1952,
  volume =	 49,
  number =	 6,
  pages =	 "409--436"
}

@InProceedings{hs85,
  author = 	 "C. W. Hirt and J. M. Sicilian",
  title = 	 "A Porosity Technique for the Definition of Obstacles
		  in Rectangular Cell Meshes",
  booktitle =	 "4th Intnl Conf.\ Num.\ Ship Hydro.",
  year =	 1985,
  address =	 "Washington",
  month =	 "September"
}

@Article{hs89,
  author = 	 "Laurence Halpern and Michelle Schatzman",
  title = 	 "Artificial Boundary Conditions for Incompressible
		  Viscous Flows",
  journal =	 "SIAM Journal of Mathematical Analysis",
  year =	 1989,
  volume =	 20,
  number =	 2,
  pages =	 "308--353"
}

@Article{hz87,
  author = 	 "M. Y. Hussaini and T. A. Zang",
  title = 	 "Spectral Methods in Fluid Dynamics",
  journal =	 ARFM,
  year =	 1987,
  volume =	 19,
  pages =	 "339--367"
}

@Article{irons71,
  author = 	 {Bruce M. Irons},
  title = 	 {Quadrature Rules for Brick Based Finite Element},
  journal = 	 IJNME,
  year = 	 1971,
  volume =	 3,
  pages =	 {293--294}
}

@Article{isn95,
  author = 	 "S. Idelson and M. Storti and N. Nigro",
  title = 	 "Stability Analysis of Mixed Finite Element
		  Formulations with Special Mention of Equal-Order
		  Interpolations",
  journal =	 IJNMF,
  year =	 1995,
  volume =	 20,
  pages =	 "1003--1022"
}

@Article{jac95,
  author = 	 "S. J. Jacobs",
  title = 	 "An Accurate Split Step Scheme for Viscous
		  Incompressible Fluid Flow",
  journal =	 JCP,
  year =	 1995,
  volume =	 119,
  pages =	 "26--33"
}

@Article{jk93,
  author = 	 "Chun Bo Jiang and Mutsuto Kawahara",
  title = 	 "The Analysis of Unsteady Incompressible Flows by a
		  Three-Step Finite Element Procedure",
  journal =	 "IJNMF",
  year =	 1993,
  volume =	 16,
  pages =	 "793--811"
}

@Article{jlz81,
  author = 	 "Thomas J. R. Hughes and Wing Kam Liu and Thomas
		  K. Zimmermann",
  title = 	 "{Lagrangian}--{Eulerian} Finite Element Formulation
		  for Incompressible Viscous Flows",
  journal =	 CMAME,
  year =	 1981,
  volume =	 29,
  pages =	 "329--349"
}

@InCollection{kh98,
  author = 	 {George Em Karniadakis and Ronald D. Henderson},
  title = 	 {Spectral Element Methods for Incompressible Flows},
  booktitle = 	 {Handbook of Fluid Dynamics},
  pages =	 {29-1--29-41},
  publisher =	 {CRC Press},
  year =	 1998,
  editor =	 {R. W. Johnson},
  chapter =	 29,
  address =	 {Boca Raton}
}

@Article{kio91,
  author = 	 "George Em Karniadakis and Moshe Israeli and Steven
		  A. Orszag",
  title = 	 "High-Order Splitting Methods for the Incompressible
		  {Navier}--{Stokes} Equations",
  journal =	 JCP,
  year =	 1991,
  volume =	 97,
  number =	 2,
  pages =	 "414--443"
}

@Article{km85,
  author = 	 "J. Kim and P. Moin",
  title = 	 "Application of a Fractional-Step Method to
		  Incompressible {Navier}--{Stokes} Equations",
  journal =	 JCP,
  year =	 1985,
  volume =	 59,
  pages =	 "308--323"
}

@Article{kms99,
  author = 	 {Arthur G. Kravchenko and Parviz Moin and Karim Shariff},
  title = 	 {B-Spline Method and Zonal Grids for Simulations of
                  Complex Turbulent Flows},
  journal = 	 JCP,
  year = 	 1999,
  volume =	 151,
  pages =	 {757--789}
}

@Article{ko93,
  author = 	 "George Em Karniadakis and Steven A. Orszag",
  title = 	 "Nodes, Modes and Flow Codes",
  journal =	 "Physics Today",
  year =	 1993,
  pages =	 "34--42",
  month =	 "March"
}

@Article{lbl94,
  author = 	 "Hong Luo and Joseph D. Baum and Rainald L{\"{o}}hner",
  title = 	 "Edge-Based Finite Element Scheme for the {Euler} Equations",
  journal =	 AIAA,
  year =	 1994,
  volume =	 32,
  number =	 6,
  pages =	 "1183--1190"
}

@Article{lele92,
  author = 	 "Sanjiva K. Lele",
  title = 	 "Compact Finite Difference Schemes with Spectral-Like
		  Resolution",
  journal =	 JCP,
  year =	 1992,
  volume =	 103,
  pages =	 "16--42"
}

@InProceedings{leo79,
  author = 	 "B. P. Leonard",
  title = 	 "A Survey of Finite Differences of Opinion on the
		  Numerical Muddling of the Incomprehansible Defective
		  Confusion Equation",
  editor =	 "T. J. R. Hughes",
  pages =	 "1--17",
  booktitle =	 "Finite Elements for Convection Dominated Flows",
  year =	 1979,
  organization = "ASME"
}

@Article{lev59,
  author = 	 "E. C. Levy",
  title = 	 "Complex-Curve Fitting",
  journal =	 "IRE Trans.\ Autom.\ Control",
  year =	 1959,
  pages =	 "37--43",
  month =	 "May"
}

@Article{lgimf93,
  author = 	 "J. Y. Luo and A. D. Gosman and R. I. Issa and
		  J. C. Middleton and M. K. Fitzgerald",
  title = 	 "Full Flow Field Computations of Mixing in Baffled
		  Stirred Vessels",
  journal =	 TIChE,
  year =	 1993,
  volume =	 71,
  number =	 "A",
  pages =	 "342--344"
}

@InProceedings{li91,
  author = 	 "C. H. Li",
  title = 	 "Numerical Solution of {Navier}--{Stokes} equations
		  by Operator Splitting",
  volume =	 1,
  pages =	 "205--214",
  booktitle =	 "The Sixth International Conference in Australia on
		  Finite Element Methods",
  year =	 1991,
  publisher =	 "University of Sydney",
  address =	 "Sydney",
  month =	 "July"
}

@InCollection{loh93,
  author = 	 "Rainald L{\"{o}}hner",
  title = 	 "Design of Incompressible Flow Solvers: Practical Aspects",
  booktitle =	 "Incompressible Computational Fluid Dynamics Trends
		  and Advances",
  publisher =	 "Cambridge University Press",
  year =	 1993,
  editor =	 "M. D. Gunzburger and R. A. Nicolaides",
  chapter =	 9,
  pages =	 "267--293"
}

@Article{lp84,
  author = 	 "Y. Lecointe and J. Piquet",
  title = 	 "On the Use of Several Compact Methods for the Study
		  of Unsteady Incompressible Flow Round a Circular Cylinder",
  journal =	 CF,
  year =	 1984,
  volume =	 12,
  number =	 4,
  pages =	 "255--280"
}

@Article{lq90,
  author = 	 "H. Laval and L. Quartapelle",
  title = 	 "A Fractional-Step {Taylor}--{Galerkin} Method for
		  Unsteady Incompressible Flows",
  journal =	 IJNMF,
  year =	 1990,
  volume =	 11,
  pages =	 "501--513"
}

@Article{ls76,
  author = 	 "Wai-Hung Liu and Andrew H. Sherman",
  title = 	 "Comparative Analysis of the {Cuthill}--{McKee} and
		  the Reverse {Cuthill}--{McKee} Ordering Algorithms
		  for Sparse Matrices",
  journal =	 "SIAM Journal of Numerical Analysis",
  year =	 1976,
  volume =	 13,
  number =	 2,
  pages =	 "198--213"
}

@InProceedings{lw82,
  author = 	 "A. Leonard and A. Wray",
  title = 	 "A New Numerical Method for the Simulation of
		  Three-Dimensional Flow in a Pipe",
  pages =	 "355--342",
  booktitle =	 "8th Int.\ Conf.\ Num.\ Meth.\ Fluids",
  year =	 1982,
  address =	 "Aachen"
}

@Article{mac94,
  author = 	 "A. N. F. Mack",
  title = 	 "An Element Level Zero-Divergence Finite Element Approach",
  journal =	 IJNMF,
  year =	 1994,
  volume =	 19,
  pages =	 "795--813"
}

@Article{mav95,
  author = 	 "D. J. Mavriplis",
  title = 	 "Three-Dimensional Multigrid {Reynolds}-Averaged
		  {Navier}--{Stokes} Solver for Unstructured Meshes",
  journal =	 AIAA,
  year =	 1995,
  volume =	 33,
  number =	 3,
  pages =	 "445--453"
}

@Article{mava99,
  author = 	 {M. Manna and A. Vacca},
  title = 	 {An Efficient Method for the Solution of the Incompressible
                  {Navier}--{Stokes} Equations in Cylindrical Geometries},
  journal = 	 JCP,
  year = 	 1999,
  volume =	 151,
  pages =	 {563--584}
}

@Article{mh95,
  author = 	 "G. P. Muldowney and J. J. L. Higdon",
  title = 	 "A Spectral Boundary Element Approach to
		  Three-Dimensional {Stokes} Flow",
  journal =	 JFM,
  year =	 1995,
  volume =	 298,
  pages =	 "167--192"
}

@Article{mit99,
  author = 	 {Rajat Mittal},
  title = 	 {A {F}ourier--{C}hebyshev Spectral Collocation Method for
                  Simulating Flows Past Spheres and Spheroids},
  journal = 	 IJNMF,
  year = 	 1999,
  volume =	 30,
  pages =	 {921--937}
}

@Article{mml83,
  author = 	 "R. D. Moser and P. Moin and A. Leonard",
  title = 	 "A Spectral Numerical Method for the
		  {Navier}--{Stokes} Equations with Applications to
		  {Taylor}--{Couette} Flow",
  journal =	 JCP,
  year =	 1983,
  volume =	 52,
  pages =	 "524--544"
}

@Article{mppz96,
  author = 	 "M. Meneguzzi and H. Politano and A. Pouquet and M. Zolver",
  title = 	 "A Sparse-Mode Spectral Method for the Simulation of
		  Turbulent Flows",
  journal =	 JCP,
  year =	 1996,
  volume =	 123,
  pages =	 "32--44"
}

@Article{mpr90,
  author = 	 {Y. Maday and Anthony T. Patera and Einar R{\o}nquist},
  title = 	 {An Operator-Integration-Factor Splitting Method for
                  Time-Dependent Problems: An Application to Incompressible
                  Fluid Flow},
  journal = 	 JSC,
  year = 	 1990,
  volume =	 5,
  number =	 4,
  pages =	 {263--292}
}

@Article{mpr90,
  author = 	 "Y. Maday and Anthony T. Patera and Einar M. R{\o}nquist",
  title = 	 "An Operator-Integration-Factor Splitting Method for
		  Time-Dependent Problems: Application to
		  Incompressible Viscous Flow",
  journal =	 JSC,
  year =	 1990,
  volume =	 5,
  number =	 4,
  pages =	 "263--292"
}

@Article{mt95,
  author = 	 "Chowdhury K. Mamun and Laurette S. Tuckerman",
  title = 	 "Asymmetry and {Hopf} Bifurcation in Spherical
		  {Couette} Flow",
  journal =	 PoF,
  year =	 1995,
  volume =	 7,
  number =	 1,
  pages =	 "80--91"
}

@Article{nh92,
  author = 	 "Takashi Nomura and Thomas J. R. Hughes",
  title = 	 "An Arbitrary {Lagrangian}--{Eulerian} Finite Element
		  Method for Interaction of Fluid and a Rigid Body",
  journal =	 CMAME,
  year =	 1992,
  volume =	 95,
  pages =	 "115--138"
}

@InCollection{nic93,
  author = 	 "R. A. Nicolaides",
  title = 	 "The Covolume Approach to Computing Incompressible Flows",
  booktitle =	 "Incompressible Computational Fluid Dynamics",
  publisher =	 "Cambridge University Press",
  year =	 1993,
  editor =	 "Gunzberger~\& Nicolaides",
  chapter =	 10,
  pages =	 "295--333"
}

@Article{noe94,
  author = 	 "Beno{\^{i}}t N{\oe}tinger",
  title = 	 "The Effective Permeability of a Heterogeneous Porous Medium",
  journal =	 "Transp.\ Porous Media",
  year =	 1994,
  volume =	 15,
  pages =	 "99--127"
}

@Article{oi74,
  author = 	 "Steven A. Orszag and Moshe Israeli",
  title = 	 "Numerical Simulation of Viscous Incompressible Flows",
  journal =	 ARFM,
  year =	 1974,
  volume =	 6,
  pages =	 "281--317"
}

@Article{oid86,
  author = 	 "Steven A. Orszag and Moshe Israeli and Michel O. Deville",
  title = 	 "Boundary Conditions for Incompressible Flows",
  journal =	 JSC,
  year =	 1986,
  volume =	 1,
  number =	 1,
  pages =	 "75--111"
}

@Article{ors74,
  author = 	 "Steven A. Orszag",
  title = 	 "Fourier Series on Spheres",
  journal =	 "Monthly Weather Review",
  year =	 1974,
  volume =	 102,
  pages =	 "56--75"
}

@Article{ors80,
  author = 	 "Steven A. Orszag",
  title = 	 "Spectral Methods for Problems in Complex Geometries",
  journal =	 JCP,
  year =	 1980,
  volume =	 33,
  pages =	 "70--92"
}

@Article{owl95,
  author = 	 "J. Tinsley Oden and Weihan Wu and Vincent Legat",
  title = 	 "An $hp$ Adaptive Strategy for the Finite Element
		  Approximations of the {Navier}--{Stokes} Equations",
  journal =	 IJNMF,
  year =	 1995,
  volume =	 20,
  pages =	 "831--851"
}

@Unpublished{pat91,
  author = 	 "Dimpy Pathria",
  title = 	 "Stability Theory for Spectral Methods",
  note = 	 "Course Notes for MAE537b, Princeton University",
  year =	 1991
}

@Article{pme92,
  author = 	 "T. C. Papanastasiou and M. Malamataris and K. Ellwood",
  title = 	 "A New Outflow Boundary Condition",
  journal =	 IJNMF,
  year =	 1992,
  volume =	 14,
  pages =	 "587--608"
}

@Article{pri95,
  author = 	 {V. G. Priymak},
  title = 	 {Pseudospectral Algorithms for {Navier}--{Stokes} Simulation
                  of Turbulent Flows In Cylindrical Geometry with
                  Coordinate Singularities},
  journal = 	 JCP,
  year = 	 1995,
  volume =	 118,
  pages =	 {366--379}
}

@Article{prim98,
  author = 	 {V. G. Priymak and T. Miyazaki},
  title = 	 {Accurate {N}avier--{S}tokes Investigation of Transitional
                  Flows in a Circular Pipe},
  journal = 	 JCP,
  year = 	 1998,
  key =		 142,
  number =	 {370--411}
}

@Article{ptb92,
  author = 	 "Frank P. T. Baaijens",
  title = 	 "Numerical Analysis of Unsteady Viscoelastic Flow",
  journal =	 CMAME,
  year =	 1992,
  volume =	 94,
  pages =	 "285--299"
}

@Article{pvq97,
  author = 	 {A. Pinelli and A. Vacca and A. Quarteroni},
  title = 	 {A Spectral Multidomain Method for the Numerical
                  Simulation of Turbulent Flows},
  journal = 	 JCP,
  year = 	 1997,
  volume =	 136,
  pages =	 {546--558}
}

@Article{qn86,
  author = 	 "L. Quartapelle and M. Napolitano",
  title = 	 "Integral Conditions for the Pressure in Computation
		  of Incompressible Viscous Flows",
  journal =	 JCP,
  year =	 1986,
  volume =	 62,
  pages =	 "340--348"
}

@Article{red78,
  author = 	 "J. N. Reddy",
  title = 	 "On the Accuracy and Existence of Solutions to
		  Primitive Variable Models of Viscous Incompressible Fluids",
  journal =	 IJES,
  year =	 1978,
  volume =	 16,
  pages =	 "921--929"
}

@InCollection{red79,
  author = 	 "J. N. Reddy",
  title = 	 "On the Finite Element Method with Penalty for
		  Incompressible Fluid Flow Problems",
  booktitle =	 "The Mathematics of Finite Elements and Applications",
  publisher =	 "Academic Press",
  year =	 1979,
  editor =	 "J. R. Whiteman",
  volume =	 "III",
  chapter =	 16,
  pages =	 "227--235"
}

@Article{rm84,
  author = 	 "Robert S. Rogallo and Parviz Moin",
  title = 	 "Numerical Simulation of Turbulent Flows",
  journal =	 ARFM,
  year =	 1984,
  volume =	 16,
  pages =	 "99--137"
}

@Article{rob66,
  author = 	 "Andre J. Robert",
  title = 	 "The Integration of Low Order Spectral Form of the
		  Primitive Meteorological Equations",
  journal =	 "J.\,Met.\ Soc.\ Japan",
  year =	 1966,
  volume =	 44,
  number =	 5,
  pages =	 "237--244"
}

@TechReport{rog81,
  author = 	 "Robert S. Rogallo",
  title = 	 "Numerical Experiments in Homogeneous Turbulence",
  institution =  "NASA",
  year = 	 1981,
  type =	 "Technical Memorandum",
  number =	 81315
}

@Article{ros94,
  author = 	 "Moshe Rosenfeld",
  title = 	 "Grid Refinement Test of Time-Periodic Flows over
		  Bluff Bodies",
  journal =	 "Computers and Fluids",
  year =	 1994,
  volume =	 23,
  number =	 5,
  pages =	 "693--709"
}

@Article{sam91,
  author = 	 "P. A. B. De Sampaio",
  title = 	 "A {Petrov}--{Galerkin} Formulation for the
		  Incompressible {Navier}--{Stokes} Equations Using
		  Equal Order Interpolations for Velocity and Pressure",
  journal =	 IJNMF,
  year =	 1991,
  volume =	 31,
  pages =	 "1135--1149"
}

@Article{sarp89,
  author = 	 "Turgut Sarpkaya",
  title = 	 "Computational Methods with Vortices --- The 1988
		  {Freeman} Scholar Lecture",
  journal =	 "ASME Journal of Fluids Engineering",
  year =	 1989,
  volume =	 111,
  pages =	 "5--52"
}

@Article{smo82,
  author = 	 "Piotr K. Smolarkiewicz",
  title = 	 "The Multi-Dimensional {Crowley} Advection Scheme",
  journal =	 "Monthly Weather Review",
  year =	 1982,
  volume =	 110,
  pages =	 "1968--1983"
}

@Article{smr90,
  author = 	 {Phillipe R. Spalart and Robert D. Moser and 
                  Michael M. Rogers},
  title = 	 {Spectral Methods for the {Navier}--{Stokes} Equations with
                  One Infinte and Two Periodic Directions},
  journal = 	 JCP,
  year = 	 1990,
  note =	 {submitted}
}

@Article{solo92,
  author = 	 {Alex Solomonoff},
  title = 	 {A Fast Algorithm for Spectral Differentiation},
  journal = 	 JCP,
  year = 	 1992,
  volume =	 98,
  pages =	 {174--177}
}

@Article{sr95,
  author = 	 "Antonio Soria and Fran{\c{c}}ois Ruel",
  title = 	 "Assessment of Some Iterative Methods for
		  Non-Symmetric Linear Systems arising in
		  Computational Fluid Dynamics",
  journal =	 ICNMF,
  year =	 1995,
  volume =	 21,
  pages =	 "1171--1200"
}

@InProceedings{sry78,
  author = 	 "G. E. Schneider and G. D. Rathby and M. M. Yovanovich",
  title = 	 "Finite Element Analysis of Incompressible Fluid Flow
		  Incorporating Equal Order Pressure and Velocity
		  Interpolation",
  editor =	 "C. Taylor, K. Morgan and C. A. Brebbia",
  pages =	 "89--102",
  booktitle =	 "Numerical Methods in Laminar and Turbulent Flow",
  year =	 1978,
  publisher =	 "Pentech Press",
  address =	 "Plymouth"
}

@Article{ss86,
  author = 	 "Youcef Saad and Martin H. Schultz",
  title = 	 "{GMRES}: A Generalized Minimum Residual Algorithm for
		  Solving Nonsymmetric Linear Systems",
  journal =	 JSSC,
  year =	 1986,
  volume =	 7,
  number =	 3,
  pages =	 "856--869"
}

@Article{st89,
  author = 	 "A. Solomonoff and E. Turkel",
  title = 	 "Global Properties of Pseudospectral Methods",
  journal =	 JCP,
  year =	 1989,
  volume =	 81,
  pages =	 "239--276"
}

@Article{stan87,
  author = 	 "A. Staniforth",
  title = 	 "Review: Formulating Efficient Finite-Element Codes
		  for Flows in Regular Domains",
  journal =	 IJNMF,
  year =	 1987,
  volume =	 7,
  pages =	 "1--16"
}

@Article{stje81,
  author = 	 {Stewart and Jennings},
  title = 	 {A Simultaneous Iteration Algorithm for Real Matrices},
  journal = 	 {ACM Trans.\ Math.\ Soft.},
  year = 	 1981,
  volume =	 7,
  number =	 2,
  pages =	 {184--198}
}

@Article{suc96,
  author = 	 "Shivshankar Sundaram and Lance R. Collins",
  title = 	 "Numerical Considerations in Simulating a Turbulent
		  Suspension of Finite-Volume Particles",
  journal =	 JCP,
  year =	 1996,
  volume =	 124,
  pages =	 "337--350"
}

@Article{tbl92,
  author = 	 "T. E. Tezduyar and M. Behr and J. Liou",
  title = 	 "A New Strategy for Finite Element Computations
		  Involving Moving Boundaries and Interfaces --- The
		  Deforming-Spatial-Domain/Space-Time Procedure:
		  {II}. The Concepts and the Preliminary Numerical Tests",
  journal =	 CMAME,
  year =	 1992,
  volume =	 94,
  pages =	 "339--351"
}

@Article{tbm92,
  author = 	 "T. E. Tezduyar and M. Behr and S. Mittal",
  title = 	 "A New Strategy for Finite Element Computations
		  Involving Moving Boundaries and Interfaces --- The
		  Deforming-Spatial-Domain/Space-Time Procedure:
		  {II}. Computation of Free-Surface Flows, Two-Liquid
		  Flows, and Flows with Drifting Cylinders",
  journal =	 CMAME,
  year =	 1992,
  volume =	 94,
  pages =	 "353--371"
}

@Article{temp83a,
  author = 	 {Clive Temperton},
  title = 	 {Self-Sorting Mixed-Radix Fast {Fourier} Transforms},
  journal = 	 JCP,
  year = 	 1983,
  volume =	 52,
  pages =	 {1--23}
}

@Article{temp83b,
  author = 	 {Clive Temperton},
  title = 	 {Fast Mixed-Radix Real {Fourier} Transforms},
  journal = 	 JCP,
  year = 	 1983,
  volume =	 52,
  pages =	 {340--350}
}

@Article{temp85,
  author = 	 {Clive Temperton},
  title = 	 {Implementation of a Self-Sorting In-Place Prime Factor
                  FFT Algorithm},
  journal = 	 JCP,
  year = 	 1985,
  volume =	 58,
  pages =	 {283--299}
}

@Article{temp88a,
  author = 	 "Clive Temperton",
  title = 	 "A New Set of Minimum-Add Small-$n$ Rotated {DFT} Modules",
  journal =	 JCP,
  year =	 1988,
  volume =	 75,
  pages =	 "190-198"
}

@Article{temp88b,
  author = 	 "Clive Temperton",
  title = 	 "A Self-Sorting In-Place Prime Factor Real/Half
		  Complex {FFT} Algorithm",
  journal =	 JCP,
  year =	 1988,
  volume =	 75,
  pages =	 "199--216"
}

@Article{temp91,
  author = 	 "Clive Temperton",
  title = 	 "Self-Sorting In-Place Fast {Fourier} Transforms",
  journal =	 SSC,
  year =	 1991,
  volume =	 12,
  number =	 4,
  pages =	 "808--823"
}

@Article{temp92,
  author = 	 {Clive Temperton},
  title = 	 {A Generalized Prime Factor {FFT} Algorithm for
                  any $N=2^p3^q5^r$},
  journal = 	 SSC,
  year = 	 1992,
  volume =	 13,
  number =	 3,
  pages =	 {676--686}
}

@Article{tez92,
  author = 	 "T. E. Tezduyar",
  title = 	 "Stabilized Finite Element Formulations for
		  Incompressible Flow Calculations",
  journal =	 AAM,
  year =	 1992,
  volume =	 28,
  pages =	 "1--44"
}

@Article{tf89,
  author = 	 "M. C. Thompson and J. H. Ferziger",
  title = 	 "An Adaptive Multigrid Technique for the
		  Incompressible {Navier}--{Stokes} Equations",
  journal =	 JCP,
  year =	 1989,
  volume =	 82,
  number =	 1,
  pages =	 "94--121"
}

@Article{tmv96,
  author = 	 "L. J. P. Timmermans and P. D. Minev and F. N. Van De Vosse",
  title = 	 "An Approximate Projection Scheme for Incompressible
		  Flow Using Spectral Elements",
  journal =	 IJNMF,
  year =	 1996,
  volume =	 22,
  pages =	 "673--688"
}

@Article{tol96,
  author = 	 "Michael Thomadakis and Michael Leschziner",
  title = 	 "A Pressure-Correction Method for the Solution of
		  Incompressible Viscous Flows on Unstructured Grids",
  journal =	 IJNMF,
  year =	 1996,
  volume =	 22,
  pages =	 "581--601"
}

@Article{truk99,
  author = 	 {James Trujillo and George Em Karniadakis},
  title = 	 {A Penalty Method for the Vorticity--Velocity Formulation},
  journal = 	 JCP,
  year = 	 1999,
  volume =	 149,
  pages =	 {32--58}
}

@Article{ttya93,
  author = 	 "H. Tsukiyama and Y. Tajima and M. Yao and H. Arai",
  title = 	 "Solution Methos of the Time Transient Moving
		  Boundary Problems using Generalized Porous Boundary
		  Technique",
  journal =	 JWEIA,
  year =	 1993,
  volume =	 "46--47",
  pages =	 "381--391"
}

@Article{tuck89,
  author = 	 {Laurette S. Tuckerman},
  title = 	 {Divergence-free Velocity Fields in Nonperiodic Geometries},
  journal = 	 JCP,
  year = 	 1989,
  volume =	 80,
  pages =	 {403--411}
}

@Article{tur94,
  author = 	 "Stefan Turek",
  title = 	 "Tools for Simulating Non-Stationary Incompressible
		  Flow via Discretely Divergence--Free Finite Element Models",
  journal =	 IJNMF,
  year =	 1994,
  volume =	 18,
  pages =	 "71--105"
}

@Article{tur96,
  author = 	 "Stefan Turek",
  title = 	 "A Comparative Study of Time-Stepping Techniques for
		  the Incompressible {Navier}--{Stokes} Equations:
		  From Fully Implict Non-Linear Schemes to
		  Semi-Implicit Projection Methods",
  journal =	 "IJNMF",
  year =	 1996,
  volume =	 22,
  pages =	 "987--1011"
}

@Article{tvm94,
  author = 	 "L. J. P. Timmermans and F. N. Van de Vosse and P. D. Minev",
  title = 	 "{Taylor}--{Galerkin}-Based Spectral Element Methods for
		  Convection-Diffusion Problems",
  journal =	 IJNMF,
  year =	 1994,
  volume =	 18,
  pages =	 "853--870"
}

@Article{ut92,
  author = 	 "Salih Ozen Univerdi and Gr{\'{e}}tar Tryggvason",
  title = 	 "A Front-Tracking Method for Viscous, Incompressible,
		  Multi-Fluid Flows",
  journal =	 JCP,
  year =	 1992,
  volume =	 100,
  pages =	 "25--37"
}

@Article{ver87,
  author = 	 "R. Verf{\"{u}}th",
  title = 	 "Finite Element Approximation of Incompressible
		  {Navier}--{Stokes} Equations with Slip Boundary
		  Condition",
  journal =	 NM,
  year =	 1987,
  volume =	 50,
  pages =	 "697--721"
}

@Article{ver91,
  author = 	 "R. Verf{\"{u}}th",
  title = 	 "Finite Element Approximation of Incompressible
		  {Navier}--{Stokes} Equations with Slip Boundary
		  Conditions {II}",
  journal =	 NM,
  year =	 1991,
  volume =	 59,
  pages =	 "615--636"
}

@Article{wan50,
  author = 	 "Gregory H. Wannier",
  title = 	 "A Contribution to the Hydrodynamics of Lubrication",
  journal =	 "Quart.\ Appl.\ Math.",
  year =	 1950,
  volume =	 8,
  number =	 1,
  pages =	 "1--32"
}

@Article{wat93,
  author = 	 "David S. Watkins",
  title = 	 "Some Perspectives on the Eigenvalue Problem",
  journal =	 "SIAM Rev.",
  year =	 1993,
  volume =	 35,
  number =	 3,
  pages =	 "430--471"
}

@TechReport{whsd65,
  author = 	 "J. Eddie Welch and Francis H. Harlow and John
		  P. Shannon and Bart J. Daly",
  title = 	 "The {MAC} method. A Computing Technique For Solving 
                  Viscous, Incompressible, Transient Fluid-Flow
		  Problems Involving Free Surfaces",
  institution =  "Los Alamos Scientific Laboratory",
  year = 	 1965,
  number =	 "LA-3425"
}

@InProceedings{you81,
  author = 	 "D. L. Youngs",
  title = 	 "Time-Dependent Multi-Material Flow with Large Fluid
		  Distortion",
  year =         1981,
  editor =	 "Morton and Baines",
  pages =	 "273--285",
  booktitle =	 "Numerical Methods for Fluid Dynamics",
  publisher =	 "Academic Press",
  address =	 "New York"
}

@Article{zan91b,
  author = 	 "Thomas A. Zang",
  title = 	 "On the Rotation and Skew-Symmetric Forms for
		  Incompressible Flow Simulations",
  journal =	 ANM,
  year =	 1991,
  volume =	 7,
  pages =	 "27--40"
}


@Article{zc95,
  author = 	 "O. C. Zienkiewicz and R. Codina",
  title = 	 "A General Algorithm for Compressible and
		  Incompressible Flow --- Part I.  The Split,
		  Characteristic-Based Scheme",
  journal =	 IJNMF,
  year =	 1995,
  volume =	 20,
  pages =	 "869--885"
}

@InProceedings{zgto94,
  author = 	 {Y. Zhang and A. Ghandhi and A. G. Tomboulides and
                  S. A. Orszag},
  title = 	 {Simulation of Pipe Flow},
  booktitle = 	 {Application of Direct and Large Eddy Simulation to
                  Transition and Turbulence},
  pages =	 {17-1--17-9},
  year =	 1994,
  address =	 {Crete},
  organization = {AGARD}
}

@Article{zkh89,
  author = 	 "Thomas A. Zang and Steven E. Krist and M. Yousuff Hussaini",
  title = 	 "Resolution Requirements for Numerical Simulations of
		  Transition",
  journal =	 JSC,
  year =	 1989,
  volume =	 4,
  number =	 2,
  pages =	 "198--217"
}

@Article{zmscv95,
  author = 	 "O. C. Zienkiewicz and K. Morgan and B. V. K. Satya
		  Sai and R. Codina and M. Vasquez",
  title = 	 "A General Algorithm for Compressible and
		  Incompressible Flow --- Part {II}. Tests on the
		  Explicit Form",
  journal =	 IJNMF,
  year =	 1995,
  volume =	 20,
  pages =	 "887--913"
}

@Article{zsp90,
  author = 	 "O. C. Zienkiewicz and J. Szmelter and J. Peraire",
  title = 	 "Compressible and Incompressible Flow; An Algorithm
		  for All Seasons",
  journal =	 CMAME,
  year =	 1990,
  volume =	 78,
  pages =	 "105--121"
}

@Article{sepu01,
  author = 	 {E. Serre and J. P. Pulicani},
  title = 	 {A Three-Dimensional Pseudospectral Method for Rotating
                  Flows in a Cylinder},
  journal = 	 CF,
  year = 	 2001,
  volume =	 30,
  pages =	 {491--519}
}

