
@Article{ljz95,
  author = 	 "Wing Kam Liu and Sukky Jun and Yi Fei Zhang",
  title = 	 "Reproducing Kernel Particle Methods",
  journal =	 IJNMF,
  year =	 1995,
  volume =	 20,
  pages =	 "1081--1106"
}

@Article{ml85,
  author = 	 "J. J. Monaghan and J. C. Lattanzio",
  title = 	 "A Refined Particle method for Astrophysical Problems",
  journal =	 "Astron.\ Astrophys.",
  year =	 1985,
  volume =	 149,
  pages =	 "135--143"
}

@Article{mon85,
  author = 	 "J. J. Monaghan",
  title = 	 "Particle Methods for Hydrodynamics",
  journal =	 "Comp.\ Phys.\ Rep.",
  year =	 1985,
  volume =	 3,
  number =	 2,
  pages =	 "71--124"
}

@Article{mon88,
  author = 	 "J. J. Monaghan",
  title = 	 "An Introduction to SPH",
  journal =	 "Comp.\ Phys.\ Comm.",
  year =	 1988,
  volume =	 48,
  pages =	 "89--96"
}

@Article{mon89,
  author = 	 "J. J. Monaghan",
  title = 	 "On the Problem of Penetration in Particle Methods",
  journal =	 JCP,
  year =	 1989,
  volume =	 82,
  pages =	 "1--15"
}

@Article{mon92,
  author = 	 "J. J. Monaghan",
  title = 	 "Smoothed Particle Hydrodynamics",
  journal =	 "Ann.\ Rev.\ of Astron.\ Astrophys.",
  year =	 1992,
  volume =	 30,
  pages =	 "543--574"
}


@InProceedings{mth94,
  author = 	 "J. J. Monaghan and Mark C. Thompson and Kerry Hourigan",
  title = 	 "Simulation of Free Surface Flows with SPH",
  volume =	 196,
  pages =	 "375--380",
  booktitle =	 "Advances in Computational Methods in Fluid Dynamics",
  year =	 1994,
  organization = "ASME",
  address =	 "Lake Tahoe"
}

@Article{ph95,
  author = 	 "M. C. A. M. Peters and H. W. M. Hoeijmakers",
  title = 	 "A Vortex Sheet method Applied to Unsteady Flow
		  Separation from Sharp Edges",
  journal =	 JCP,
  year =	 1995,
  volume =	 120,
  pages =	 "88--104"
}

@Article{sha95,
  author = 	 "J. W. Swegle and D. L. Hicks and S. W. Attaway",
  title = 	 "Smoothed Particle Hydrodynamics Stability Analysis",
  journal =	 JCP,
  year =	 1995,
  volume =	 116,
  pages =	 "123--134"
}

@Article{ss88,
  author = 	 "P. A. Smith and P. K. Stansby",
  title = 	 "Impulsively Started Flow Around a Circular Cylinder
		  by the Vortex Method",
  journal =	 JFM,
  year =	 1988,
  volume =	 194,
  pages =	 "45--77"
}

@Article{sww94,
  author = 	 "John K. Salmon and Michael S. Warren and
		  Gr{\'{e}}goire S. Winckelmans",
  title = 	 "Fast Parallel Tree Codes for Gravitational and Fluid
		  Dynamical {N}-Body Problems",
  journal =	 "Int.\ J.\,Supercomput.\ Appl.",
  year =	 1994,
  volume =	 8
}
