% $Id$
%%%%%%%%%%%%%%%%%%%%%%%%%%%%%%%%%%%%%%%%%%%%%%%%%%%%%%%%%%%%%%%%%%%%%%%%%%%%%%%

@Article{cotrell08,
  author = 	 {Cotrell D. L. and MacFadden G. B. and Alder B. J.},
  title = 	 {Instability in pipe flow},
  journal = 	 PNAS,
  year = 	 2008,
  volume = 	 105,
  number = 	 2,
  pages = 	 {428--430}}

@Article{desc79,
  author = 	 {Deiber, J. A. and Schowalter W. R.},
  title = 	 {Flow through tubes with sinusiodal axial variations
                  in diameter},
  journal = 	 AICHEJ,
  year = 	 1979,
  volume = 	 25,
  number = 	 4,
  pages = 	 {638--645}}


@Article{dope98,
  author = 	 {F. Domenichini and G. Pedrizzetti},
  title = 	 {Impulsively Started Flow Separation in Wavy-Walled Tubes},
  journal = 	 JFM,
  year = 	 1998,
  volume =	 359,
  pages =	 {1--22}
}

@Article{gich06,
  author = 	 {G. Gioia and P. Chakraborty},
  title = 	 {Turbulent Friction in Rough Pipes and the Energy Spectrum
                  of the Phenomenological Theory},
  journal = 	 PRL,
  year = 	 2006,
  volume =	 96,
  number =	 4,
  pages =	 {0440502-1--4}
}

@Article{gcb06,
  author = 	 {Gioai, G. and Chakraborty, P. and Bombardelli, F. A.},
  title = 	 {Rough-pipe flows and the existence of fully-developed
                  turbulence},
  journal = 	 PF,
  year = 	 2006,
  volume = 	 18,
  pages = 	 {038107-1--4}}

@Article{ass05,
  author = 	 {J. J. Allen and M. A. Shockling and A. J. Smits},
  title = 	 {Evaluation of a Universal Transitional Resistance Diagram
                  for Pipes with Honed Surfaces},
  journal = 	 PF,
  year = 	 2005,
  volume =	 17,
  number =	 12,
  pages =	 {121702-1--4}
}

@Article{perryhc01,
  author = 	 {A. E. Perry and S. Hafez and M. S. Chong},
  title = 	 {A Possible Reinterpretation of the
                  {Princeton} Superpipe Data},
  journal = 	 JFM,
  year = 	 2001,
  volume =	 439,
  pages =	 {395--401}
}

@Article{peab75,
  author = 	 {A. E. Perry and C. J. Abell},
  title = 	 {Scaling Laws for Pipe-Flow Turbulence},
  journal = 	 JFM,
  year = 	 1975,
  volume =	 67,
  pages =	 {257--271}
}

@Article{peab77,
  author = 	 {A. E. Perry and C. J. Abell},
  title = 	 {Asymptotic Similarity of Turbulence Structures in
                  Smooth- and Rough-Walled Pipes},
  journal = 	 JFM,
  year = 	 1977,
  volume =	 79,
  pages =	 {785--799}
}

@TechReport{nik50,
  author = 	 {J. Nikuradse},
  title = 	 {Laws of Flow in Rough Pipes},
  institution =  {NACA},
  year = 	 1950,
  number =	 {TM-1292}
}

@article{nik33,
	Author = {J. Nikuradse},
	Journal = {Forsch.\ Arb.\ Ing.-Wes.},
	Volume = 361,
	Year = 1933,
	Title = {Str{\"{o}}mungsgesetze in rauhen {Rohren}},
        Note = {reprinted as NACA TM-1292, 1950}
}

@Article{lach86,
  author = 	 {Lahbabi, A. and Chang, H.-C.},
  title = 	 {Flow in periodically constricted tubes: transition to 
                  inertial and nonsteady flows},
  journal = 	 CES,
  year = 	 1986,
  volume = 	 41,
  number = 	 10,
  pages = 	 {2487--2505}}

@Article{mif03,
  author = 	 {Mahmud, S. and Sadrul Islam, A. K. M. and Feroz, C. M.},
  title = 	 {Flow and heat transfer characteristics inside a wavy tube},
  journal = 	 HMB,
  year = 	 1003,
  volume = 	 39,
  pages = 	 {387--393}}

@Article{mullin11,
  author = 	 {T. Mullin},
  title = 	 {Experimental studies of transition to turbulence in a pipe},
  journal = 	 ARFM,
  year = 	 2011,
  volume = 	 43,
  pages = 	 {1--24}}

@Article{kerswell05,
  author = 	 {Kerswell, R. R.},
  title = 	 {Recent progress in understanding the transition to 
                  turbulence in a pipe},
  journal = 	 {Nonlinearity},
  year = 	 2005,
  volume = 	 17,
  pages = 	 {R17--44}}

@Article{eshw07,
  author = 	 {Eckhardt, B. and Schneider, T. M. and Hof, B. and
                  Westerweel, J.},
  title = 	 {Turbulence transition in pipe flow},
  journal = 	 ARFM,
  year = 	 2007,
  volume = 	 39,
  pages = 	 {447--468}}

@Article{pemu07,
  author = 	 {Piexinho, J. and Mullin T.},
  title = 	 {Finite amplitude thresholds for transition in pipe flow},
  journal = 	 JFM,
  year = 	 2007,
  volume = 	 582,
  pages = 	 {169--178}}

@Article{beat10,
  author = 	 {B. J. McKeon and A. S. Sharma},
  title = 	 {A critical layer framework for turbulent pipe flow},
  journal = 	 JFM,
  year = 	 2010,
  volume = 	 658,
  pages = 	 {336--382}}


@Article{sche94,
  author = 	 {P. J. Schmid and D. S. Henningson},
  title = 	 {Optimal Energy Density Growth in {Hagen}--{Poiseuille} Flow},
  journal = 	 JFM,
  year = 	 1994,
  volume =	 277,
  pages =	 {197--225}
}

@Article{ketu07,
  author = 	 {R. R. Kerswell and O. R. Tutty},
  title = 	 {Recurrence of Travelling Waves in Transitional Pipe Flow},
  journal = 	 JFM,
  year = 	 2007,
  volume =	 584,
  pages =	 {62--102}
}

@Article{pemu07,
  author = 	 {J. Peixinho and T. Mullin},
  title = 	 {Finite-Amplitude Thresholds for Transition in Pipe Flow},
  journal = 	 JFM,
  year = 	 2007,
  volume =	 582,
  pages =	 {169--178}
}

@Article{gbn04,
  author = 	 {M. I. Gavarini and A. Bottaro and F. T. M. Nieuwstadt},
  title = 	 {The Initial Stage of Transition in Pipe Flow: Role of
                  Optimal Base-Flow Distortions},
  journal = 	 JFM,
  year = 	 2004,
  volume =	 517,
  pages =	 {131--165}
}

@Article{retu01,
  author = 	 {E. Reshotko and A. Tumin},
  title = 	 {Spatial Theory of Optimal Disturbances 
                  in a Circular Pipe Flow},
  journal = 	 PF,
  year = 	 2001,
  volume =	 13,
  number =	 4,
  pages =	 {991--998}
}

@Article{metr03,
  author = 	 {A. Meseguer and L. N. Trefethen},
  title = 	 {Linearized pipe flow to {Reynolds} number $10^7$},
  journal = 	 JCP,
  year = 	 2003,
  volume = 	 186,
  number = 	 {178--197}}

