% $Id$
%%%%%%%%%%%%%%%%%%%%%%%%%%%%%%%%%%%%%%%%%%%%%%%%%%%%%%%%%%%%%%%%%%%%%%%%%%%%%%

% JOURNAL

@Article{kcbom12,
  author = 	 {J. Klewicki and C. Chin and H. M. Blackburn and 
                  A. Ooi and I. Marusic},
  title = 	 {Emergence of the four layer dynamical regime in turbulent
                  pipe flow},
  journal = 	 PF,
  year = 	 2012,
  volume =       24,
  pages =        {045107-1--14}
}

@Article{mbs12,
  author = 	 {X. Mao and H. M. Blackburn and S. J. Sherwin},
  title = 	 {Optimal inflow boundary condition perturbations 
                  in steady stenotic flows},
  journal = 	 JFM,
  year = 	 2012,
  volume =       705,
  pages =        {306--321}
}

@Article{msb12,
  author = 	 {X. Mao and S. J. Sherwin and H. M. Blackburn},
  title = 	 {Non-normal dynamics of time-evolving co-rotating
                  vortex pairs},
  journal = 	 JFM,
  year = 	 2012,
  volume =       701,
  pages =        {430--459}
}

@Article{ksb12,
  author = 	 {K. Koal and J. Stiller and H. M. Blackburn},
  title = 	 {Adapting the spectral vanishing viscosity method for 
                  large-eddy simulations in cylindrical configurations},
  journal = 	 JCP,
  year = 	 2012,
  volume =       231,
  pages =        {3389--3405}
}

@Article{lobl11,
  author = 	 {S. A. Loh and H. M. Blackburn},
  title = 	 {Stability of steady flow through an axially corrugated pipe},
  journal = 	 PF,
  year = 	 2011,
  volume = 	 23,
  pages = 	 {111703-1--4}}

@Article{scbo11,
  author = 	 {S. Saha and C. Chin and H. M. Blackburn and A. S. H. Ooi},
  title = 	 {The influence of pipe length on thermal statistics
                  computed from {DNS} of turbulent heat transfer},
  journal = 	 IJHFF,
  year = 	 2011,
  volume = 	 32,
  pages = 	 {1083--1097}}

@Article{bllo11,
  author = 	 {H. M. Blackburn and J. M. Lopez},
  title = 	 {Modulated waves in a periodically driven annular cavity},
  journal = 	 JFM,
  year = 	 2011,
  volume = 	 667,
  pages = 	 {336--357}}

@Article{msb11,
  author = 	 {X. Mao and S. J. Sherwin and H. M. Blackburn},
  title = 	 {Transient growth and bypass transition in stenotic
                  flow with a physiological waveform},
  journal = 	 TCFD,
  year = 	 2011,
  volume =       25,
  number =       1,
  pages =        {31--42}
}

@Article{comb10,
  author = 	 {C. Chin and A. S. H. Ooi and I. Marusic and H. M. Blackburn},
  title = 	 {The influence of pipe length on turbulence
                  statistics computed from direct numerical simulation
                  data},
  journal = 	 PF,
  year = 	 2010,
  volume = 	 22,
  pages = 	 {115107-1--10}}

@Article{bs10,
  author = 	 {H. M. Blackburn and G. J. Sheard},
  title = 	 {On quasiperiodic and subharmonic {Floquet} wake
                  instabilities},
  journal = 	 PF,
  year = 	 2010,
  volume = 	 22,
  pages = 	 {031701-1--4}}

@Article{cbb10,
  author = 	 {C. D. Cantwell and D. Barkley and H. M. Blackburn},
  title = 	 {Transient growth analysis of flow through a sudden
                  expansion in a circular pipe},
  journal = 	 PF,
  year = 	 2010,
  volume =       22,
  pages =        {034101-1--15}
}

@Article{bsb08,
  author = 	 {H. M. Blackburn and S. J. Sherwin and D. Barkley},
  title = 	 {Convective Instability and Transient Growth 
                  in Steady and Pulsatile Stenotic Flows},
  journal = 	 JFM,
  year = 	 2008,
  volume =       607,
  pages =        {267--277}
}

@Article{bbs08a,
  author = 	 {H. M. Blackburn and D. Barkley and S. J. Sherwin},
  title = 	 {Convective Instability and Transient Growth
                  in Flow Over a Backward-Facing Step},
  journal = 	 JFM,
  year = 	 2008,
  volume =       603,
  pages =        {271--304}
}

@Article{bbs08b,
  author = 	 {D. Barkley and H. M. Blackburn and S. J. Sherwin},
  title = 	 {Direct Optimal Growth Analysis for Timesteppers},
  journal = 	 IJNMF,
  year = 	 2008,
  volume =       57,
  pages =        {1437--1458}
}

@Article{lrmb08,
  author = 	 {D. R. Lester and M. Rudman and G. P. Metcalfe 
                 and H. M. Blackburn},
  title = 	 {Global Parametric Solutions of Scalar Transport},
  journal = 	 JCP,
  year = 	 2008,
  volume =       227,
  number =       6,
  pages =        {3032--3057}

}

@Article{pchnmbg07,
  author = 	 {Prakash, M. and Cleary, P. W. and Ha, J. and
                  Noui-Mehidi, M. N. and Blackburn, H. M. and Brooks, G.},
  title = 	 {Simulation of Suspension of Solids in a Liquid in a Mixing
                  Tank Using {SPH} and Comparison With Physical Modelling
                  Experiments},
  journal = 	 {Prog.\ Comp.\ Fluid Dyn.},
  year = 	 2007,
  volume =	 7,
  number =	 {2/3/4},
  pages =	 {89--100}
}

@Article{blsh07,
  author = 	 {H. M. Blackburn and S. J. Sherwin},
  title = 	 {Instability Modes and Transition of Pulsatile Stenotic
                  Flow: Pulse-Period Dependence},
  journal = 	 JFM,
  year = 	 2007,
  volume =       573,
  pages =        {57--88}
}

@Article{nmb06,
  author = 	 {M. N. Noui-Mehidi and H. M. Blackburn},
  title = 	 {Laminar spirals in the outer-stationary-cylinder
                  {Couette}--{Taylor} system},
  journal = 	 PF,
  year = 	 2005,
  note =	 {Submitted}
}

@Article{rb04b,
  author = 	 {M. Rudman and H. M. Blackburn},
  title = 	 {The Effect of Shear-Thinning Rheology on
                  Turbulent Pipe Flow},
  journal = 	 JFM,
  year = 	 2005,
  note =         {In preparation}
}

@Article{ebs06,
  author = 	 {J. R. Elston and H. M. Blackburn and J. Sheridan},
  title = 	 {The Primary and Secondary Instabilities of Flow
                  Generated by an Oscillating Circular Cylinder},
  journal = 	 JFM,
  year = 	 2006,
  volume =       550,
  pages =        {359--389}
}

@Article{rb06,
  author = 	 {M. Rudman and H. M. Blackburn},
  title = 	 {Direct Numerical Simulation of Turbulent
                  Non-{Newtonian} Flow Using a Spectral Element Method},
  journal = 	 AMM,
  year = 	 2006,
  volume =       30,
  number =       11,
  pages =        {1229--1248}
}

@Article{lhblm05,
  author = 	 {Leung, J. J. F. and Hirsa, A. and Blackburn, H. M.
                  and Lopez, J. M. and Marques, F.},
  title = 	 {Three-Dimensional Modes in a Periodically Driven
                  Elongated Cavity},
  journal = 	 PRE,
  year = 	 2005,
  volume =       71,
  pages =        {026305-1--7}
}

@Article{shbl05,
  author = 	 {S. J. Sherwin and H. M. Blackburn},
  title = 	 {Three-Dimensional Instabilities and Transition of
                  Steady and Pulsatile Flows in an Axisymmetric
                  Stenotic Tube},
  journal = 	 JFM,
  year = 	 2005,
  volume =       533,
  pages =        {297--327}
}

@Article{bml05,
  author = 	 {H. M. Blackburn and F. Marques and J. M. Lopez},
  title = 	 {Symmetry Breaking of Two-Dimensional Time-Periodic Wakes},
  journal = 	 JFM,
  year = 	 2005,
  volume =       522,
  pages =        {395--411}
}

@Article{blsh04,
  author = 	 {H. M. Blackburn and S. J. Sherwin},
  title = 	 {Formulation of a {Galerkin} Spectral Element--{Fourier}
                  Method for Three-Dimensional Incompressible Flows
                  in Cylindrical Geometries},
  journal = 	 JCP,
  year = 	 2004,
  volume =       197,
  number =       2,
  pages =        {759--778}
}

@Article{mlb04,
  author = 	 {Marques, F. and Lopez, J. M. and Blackburn, H. M.},
  title = 	 {Bifurcations in Systems with {$Z_2$} Spatio-Temporal
                  and {$O(2)$} Spatial Symmetry},
  journal = 	 PD,
  year = 	 2004,
  volume =       189,
  number =       {3--4},
  pages =        {247--276}
}

@Article{esb04a,
  author = 	 {Elston, J. R. and Sheridan, J. and Blackburn, H. M.},
  title = 	 {Two-dimensional {Floquet} stability analysis of the flow
                  produced by an oscillating circular cylinder in 
                  quiescent fluid},
  journal = 	 EJMBF,
  year =	 2004,
  volume =       23,
  pages =        {99--106}
}

@Article{mbgp04,
  author = 	 {M. Rudman and H. M. Blackburn and 
                  L. J. W. Graham and L. Pullum},
  title = 	 {Turbulent Pipe Flow of Non-{Newtonian} Fluids},
  journal = 	 JNNFM,
  year = 	 2004,
  volume =       118,
  number =       1,
  pages =        {33--48}
}

@Article{bllo03b,
  author = 	 {H. M. Blackburn and J. M. Lopez},
  title = 	 {On Three-Dimensional Quasi-Periodic {Floquet} Instabilities
                  of Two-Dimensional Bluff Body Wakes},
  journal = 	 PoF,
  year = 	 2003,
  volume =       15,
  number =       8,
  pages =        {L57--60}
}

@Article{bllo03a,
  author = 	 {H. M. Blackburn and J. M. Lopez},
  title = 	 {The Onset of Three-Dimensional Standing and Modulated 
                  Travelling Waves in a Periodically Driven Cavity Flow},
  journal = 	 JFM,
  year = 	 2003,
  volume =       497,
  pages =        {289--317}
}

@Article{hmb02a,
  author = 	 {H. M. Blackburn},
  title = 	 {Three-Dimensional Instability and State Selection in
                  an Oscillatory Axisymmetric Swirling Flow},
  journal = 	 PoF,
  year = 	 2002,
  volume =       14,
  number =       11,
  pages =        {3983--3996}
}

@Article{hmb02b,
  author = 	 {H. M. Blackburn},
  title = 	 {Mass and Momemtum Transport from a Sphere
                  in Steady and Oscillatory Flows},
  journal = 	 PoF,
  year = 	 2002,
  volume =       14,
  number =       11,
  pages =        {3997--4011}
}

@Article{blsc03,
  author = 	 {H. M. Blackburn and S. Schmidt},
  title = 	 {Spectral Element Filtering Techniques for Large Eddy
                  Simulation with Dynamic Estimation},
  journal = 	 JCP,
  year = 	 2003,
  volume =       186,
  number =       2,
  pages =        {610--629}
}

@Article{bllo02,
  author = 	 {H. M. Blackburn and J. M. Lopez},
  title = 	 {Modulated Rotating Waves in an Enclosed Swirling Flow},
  journal = 	 JFM,
  year = 	 2002,
  volume =       465,
  pages =        {33--58}
}

@Article{bgw01,
  author = 	 {H. M. Blackburn and R. N. Govardhan and C. H. K. Williamson},
  title = 	 {A Complementary Numerical and Physical Investigation
                  of Vortex-Induced Vibration},
  journal = 	 JFS,
  year = 	 2000,
  volume =	 15,
  number =	 {3/4},
  pages =	 {481--488}
}

@Article{hmb01a,
  author = 	 {H. M. Blackburn},
  title = 	 {Dispersion and Diffusion in Coated Tubes of
                  Arbitrary Cross-Section},
  journal = 	 CaCE,
  year = 	 2001,
  volume =	 25,
  number =	 {2/3},
  pages =	 {313--322}
}

@Article{hmb01b,
  author = 	 {H. M. Blackburn},
  title = 	 {Sidewall Boundary Layer Instabilities 
                  in an Enclosed Swirling Flow},
  journal = 	 JoT,
  year = 	 2001,
  volume =	 2,
  pages =	 009
}

@Article{blgr00,
  author = 	 {H. M. Blackburn and L. J. W. Graham},
  title = 	 {Vortex Breakdown --- Theory and Experiment},
  journal = 	 {Album of Visualization},
  year = 	 2000,
  volume =	 17,
  pages =	 {13--14}
}

@Article{benrw00,
  author = 	 {H. M. Blackburn and J. R. Elston and D. A. Niclasen and
                  M. Rudman and J. Wu},
  title = 	 {A Hybrid Method for Simulation of Axial Flow Impeller
                  Driven Mixing Vessels},
  journal = 	 AMM,
  year = 	 2000,
  volume =	 24,
  pages =	 {795--805}
}

@Article{bllo00,
  author = 	 {H. M. Blackburn and J. M. Lopez},
  title = 	 {Symmetry Breaking of the Flow in a Cylinder
                  Driven by a Rotating Endwall},
  journal = 	 PoF,
  year = 	 2000,
  volume =	 {12},
  number =	 {11},
  pages =	 {2698--2701}
}

@Article{hmb00a,
  author = 	 {H. M. Blackburn},
  title = 	 {Domain Decomposition with {Robin} Boundary Conditions
                  Across a Phase Interface},
  journal = 	 {ANZIAM~J},
  year = 	 2000,
  volume =	 {42~(E)},
  pages =	 {C258--C285}
}%  note =       {See \texttt{http://anziamj.austms.org.au/V42/CTAC99/Blac}}

@Article{mbn00,
  author = 	 {D. M. McIver and H. M. Blackburn and G. J. Nathan},
  title = 	 {Spectral Element--{F}ourier Methods Applied to Turbulent
                  Pipe Flow},
  journal = 	 {ANZIAM~J},
  year = 	 2000,
  volume =	 {42~(E)},
  pages =	 {C954--C977}
}%  note =       {See \texttt{http://anziamj.austms.org.au/V42/CTAC99/Mciv}}

@Article{bes99,
  author = 	 {H. M. Blackburn and J. R. Elston and J. Sheridan},
  title = 	 {Bluff Body Propulsion Produced by Combined Rotary and
                  Translational Oscillation},
  journal = 	 PoF,
  year = 	 1999,
  volume =	 11,
  number =       1,
  pages =	 "4--6"
}

@Article{bh99,
  author = 	 "H. M. Blackburn and R. D. Henderson",
  title = 	 "A Study of Two-Dimensional Flow Past an
                  Oscillating Cylinder",
  journal =	 JFM,
  year =	 1999,
  volume =       385,
  pages =        "255--286"
}

@Article{bm97,
  author = 	 {H. M. Blackburn and W. H. Melbourne},
  title = 	 {Sectional Lift Forces for an Oscillating Cylinder in 
                  Smooth and Turbulent Flows},
  journal = 	 JFS,
  year = 	 1997,
  volume =	 11,
  number =	 4,
  pages =        "413--431"
}

@Article{bh96a,
  author =       "H. M. Blackburn and R. D. Henderson",
  title = 	 "Lock-In Behaviour in Simulated Vortex-Induced Vibration",
  journal =	 ETFS,
  year =         1996,
  volume =	 12,
  number =       2,
  pages =	 "184--189"
}

@Article{bm96,
  author = 	 "H. M. Blackburn and W. H. Melbourne",
  title = 	 "The Effect of Free-Stream Turbulence on
                  Sectional Lift Forces on a Circular Cylinder",
  journal =	 JFM,
  year =	 1996,
  volume =       306,
  pages =        "267--292"
}

@Article{bmc96,
  author = 	 "H. M. Blackburn and N. N. Mansour and B. J. Cantwell",
  title = 	 "Topology of Fine-Scale Motions in Turbulent Channel Flow",
  journal =	 JFM,
  year =	 1996,
  volume =	 310,
  pages =	 "269--292"
}

@Article{hmb94,
  author = 	 "H. M. Blackburn",
  title = 	 "Effect of Blockage on Spanwise Correlation in a
		  Circular Cylinder Wake",
  journal =	 EF,
  year =	 1994,
  volume =	 18,
  number =       "1/2",
  pages =        "134--136"
}

@Article{bm93,
  author = 	 "H. M. Blackburn and W. H. Melbourne",
  title = 	 "Cross Flow Response Prediction of Slender
		  Circular-Cylindrical Structures: Prediction Models
		  and Recent Experimental Results",
  journal =	 JWEIA,
  year =	 1993,
  volume =	 49,
  pages =	 "167--176"
}

@Article{bm92a,
  author = 	 "H. M. Blackburn and W. H. Melbourne",
  title = 	 "Lift on an Oscillating Cylinder in Smooth and
		  Turbulent Flow",
  journal =	 JWEIA,
  year =	 1992,
  volume =	 41,
  pages =	 "79--90"
}

@Article{ratbl86,
  author = 	 {R. Attwood and H. M. Blackburn},
  title = 	 {Predicted Moisture Loss from Soft Brown Coal
                  During Transport by Overland Conveyor},
  journal = 	 {Mech.\ Eng.\ Trans.\ Inst.\ Eng.\ Aust.},
  year = 	 1986,
  volume =	 1,
  pages =	 {12--15},
  month =	 {March}
}

%%%%%%%%%%%%%%%%%%%%%%%%%%%%%%%%%%%%%%%%%%%%%%%%%%%%%%%%%%%%%%%%%%%%%%%%%%%%%%
% BOOK CHAPTERS, COLLECTIONS

@InCollection{hmb03,
  author = 	 {H. M. Blackburn},
  title = 	 {Computational Bluff Body Fluid Dynamics and Aeroelasticity},
  booktitle = 	 {Coupling of Fluids, Structures and Waves Problems
                  in Aeronautics},
  publisher =	 {Springer},
  year =	 2003,
  pages =        {10--23},
  editor =	 {N. G. Barton and J. Periaux},
  series =	 {Notes in Numerical Fluid Mechanics}
}

@InCollection{rubl03a,
  author = 	 {M. Rudman and H. M. Blackburn},
  title = 	 {Turbulent Pipe Flow of Non-{Newtonian} Fluids},
  booktitle = 	 {Computational Fluid Dynamics 2002},
  publisher =    {Springer},
  year =	 2003,
  pages =        {687--692},
  editor =	 {S. Armfield and K. Srinivas}
}

@InCollection{hmb00c,
  author = 	 {H. M. Blackburn},
  title = 	 {Sidewall Boundary Layer Instabilities
                  in Enclosed Swirling Flow},
  booktitle = 	 {Advances in Turbulence {VIII}},
  editor =       {C. Dopazo},
  year =	 2000,
  publisher =	 {Int.\ Center Numerical Methods in Engineering (CIMNE)},
  pages =        {607--610}
}

@InCollection{bh95d,
  author = 	 "H. M. Blackburn and R. D. Henderson",
  title = 	 "Wake Dynamics in Flow Past an Oscillating Cylinder",
  booktitle =	 "Numerical Methods in Laminar and Turbulent Flow {IX}",
  publisher =    {Pineridge Press},
  year =	 1995,
  edit =	 "C. Taylor and P. Durbetaki",
  pages =        "1479--1490"
}

%%%%%%%%%%%%%%%%%%%%%%%%%%%%%%%%%%%%%%%%%%%%%%%%%%%%%%%%%%%%%%%%%%%%%%%%%%%%%%
% THESIS

@PhdThesis{bla92,
  author = 	 "H. M. Blackburn",
  title = 	 "Lift on an Oscillating Cylinder in Smooth and
		  Turbulent Flows",
  school = 	 "Department of Mechanical Engineering, Monash University",
  year = 	 1992
}

%%%%%%%%%%%%%%%%%%%%%%%%%%%%%%%%%%%%%%%%%%%%%%%%%%%%%%%%%%%%%%%%%%%%%%%%%%%%%%
% CONFERENCE ETC

@InProceedings{zbao10,
  author = 	 {Zhu, S. J. and Blackburn, H. M. and Anderson, B.
                  and Ooi, A. S. H.},
  title = 	 {Towards large eddy simulation of bubble dispersions in
                  high {Reynolds} number wake flows},
  booktitle =    {17th A/Asian Fluid Mech.\ Conf.},
  year = 	 2010,
  address = 	 {Auckland},
  month = 	 {Dec.}}

@InProceedings{scbo10,
  author = 	 {Saha, S. and Chin, C. and Blackburn, H. M. and Ooi, A. S. H.},
  title = 	 {Numerical study of heat transfer in turbulent pipe flow},
  booktitle =    {17th A/Asian Fluid Mech.\ Conf.},
  year = 	 2010,
  address = 	 {Auckland},
  month = 	 {Dec.}}

@InProceedings{dabl10,
  author = 	 {Dawson, S. T. M. and Blackburn, H. M.},
  title = 	 {Numerical simulation of a bifurcating jet within
                  a radially confined domain},
  booktitle =    {17th A/Asian Fluid Mech.\ Conf.},
  year = 	 2010,
  address = 	 {Auckland},
  month = 	 {Dec.}}

@InProceedings{smbl10,
  author = 	 {Smith, D. M. and Blackburn, H. M.},
  title = 	 {Transient growth analysis for axisymmetric pulsatile pipe
                  flows in a rigid straight circular tube},
  booktitle =    {17th A/Asian Fluid Mech.\ Conf.},
  year = 	 2010,
  address = 	 {Auckland},
  month = 	 {Dec.}}

@InProceedings{lobl10,
  author = 	 {Loh, S. A. and Blackburn, H. M.},
  title = 	 {Stability of steady flow through a corrugated pipe},
  booktitle =    {17th A/Asian Fluid Mech.\ Conf.},
  year = 	 2010,
  address = 	 {Auckland},
  month = 	 {Dec.}}

@InProceedings{nebl10,
  author = 	 {Nebauer, J. R. A. and Blackburn, H. M.},
  title = 	 {On the stability of time-periodic pipe flow},
  booktitle =    {17th A/Asian Fluid Mech.\ Conf.},
  year = 	 2010,
  address = 	 {Auckland},
  month = 	 {Dec.}}

@InProceedings{bbm10,
  author = 	 {Batchelor, R. and Blackburn, H. M. and Manasseh, R.},
  title = 	 {Simulations of axisymmetric inertial waves in a 
                  rotating container of fluid},
  booktitle =    {17th A/Asian Fluid Mech.\ Conf.},
  year = 	 2010,
  address = 	 {Auckland},
  month = 	 {Dec.}}


@InProceedings{zoba10,
  author = 	 {Zhu, S. J. and Ooi, A. and Blackburn, H. M. and
                  Anderson, B.},
  title = 	 {Validation of numerical model for bubble dispersion
                  over a hydrofoil},
  booktitle =    {Oceans 10},
  year = 	 2010,
  address = 	 {Sydney},
  month = 	 {May}}

@InProceedings{nebl09,
  author = 	 {Nebauer, J. R. A. and H. M. Blackburn},
  title = 	 {Spectral Element {LES} of Turbulent Pipe Flow},
  booktitle = 	 {7th Int.\ Conf.\ CFD Min.\ \& Proc.\ Ind.},
  year =	 2009,
  address =	 {Melbourne},
  organization = {CSIRO}
  month =	 {Dec.},
}

@InProceedings{boc07,
  author = 	 {H. M. Blackburn and A. Ooi and M. S. Chong},
  title = 	 {The Effect of Corrugation Height on Flow in
                  a Wavy-Walled Pipe},
  booktitle =	 {16th A/Asian Fluid Mech.\ Conf.},
  year =	 2007,
  address =	 {Gold Coast},
  month =	 {Dec.}
}

@InProceedings{ooi07,
  author = 	 {A. Ooi and H. M. Blackburn and S. Zhu and E. Lui and W. Tae},
  title = 	 {Numerical Study of the Behaviour of Wall Shear Stress
                  in Pulsatile Stenotic Flow},
  booktitle =	 {16th A/Asian Fluid Mech.\ Conf.},
  year =	 2007,
  address =	 {Gold Coast},
  month =	 {Dec.}
}

@InProceedings{nabil07,
  author = 	 {M. N. Noui-Mehidi and H. M. Blackburn and N. Ohmura},
  title = 	 {Laminar Spirals in the Outer Stationary Cylinder 
                  Couette--Taylor System},
  booktitle =	 {16th A/Asian Fluid Mech.\ Conf.},
  year =	 2007,
  address =	 {Gold Coast},
  month =	 {Dec.}
}

@InProceedings{bbs07c,
  author = 	 {D. Barkley and H. M. Blackburn and S. J. Sherwin},
  title = 	 {Convective instability and transient growth in flow 
                  over a backward-facing step},
  booktitle =	 {Bull.\ Div.\ Fluid Dyn.},
  year =	 2007,
  address =	 {Salt Lake City},
  month =	 {Nov.},
  organization = {Am.\ Phys.\ Soc.}
}

@InProceedings{bbs07d,
  author = 	 {H. M. Blackburn and D. Barkley and S. J. Sherwin},
  title = 	 {Optimal growth of flow instabilities in arbitrary
                  geometries},
  booktitle =	 {ICOSAHOM 2007},
  year =	 2007,
  address =	 {Beijing},
  month =	 {June}
}

@InProceedings{sbb07,
  author = 	 {S. J. Sherwin and H. M. Blackburn and D. Barkley},
  title = 	 {Spectral/$hp$ stability analysis of complex geometry flows},
  booktitle =	 {14th Intnl Conf.\ Finite Elements in Flow Problems},
  year =	 2007,
  address =	 {Santa Fe},
  month =	 {May}
}

@InProceedings{blsh06d,
  author = 	 {H. M. Blackburn and S. J. Sherwin},
  title = 	 {Instability, transition and receptivity of
                  pulsatile stenotic flow},
  booktitle =	 {COS-Net Workshop Fluid Mech.},
  year =	 2006,
  address =	 {Melbourne},
  month =	 {Dec.}
}

@InProceedings{blsh06c,
  author = 	 {H. M. Blackburn and S. J. Sherwin},
  title = 	 {Instability, transition and receptivity of
                  pulsatile flow in a stenotic tube},
  booktitle =	 {5th Int.\ Conf.\ CFD Minerals \& Proc.\ Ind.},
  year =	 2006,
  address =	 {Melbourne},
  month =	 {Dec.}
}

@InProceedings{blsh06b,
  author = 	 {H. M. Blackburn and H. M. Blackburn},
  title = 	 {Instability modes and transition of pulsatile stenotic flow},
  booktitle =	 {Bull.\ Div.\ Fluid Dyn.},
  year =	 2006,
  address =	 {Tampa},
  month =	 {Nov.},
  organization = {Am.\ Phys.\ Soc.}
}

@InProceedings{blsh06a,
  author = 	 {H. M. Blackburn and H. M. Blackburn},
  title = 	 {Convective and Absolute Instability of
                  Pulsatile Stenotic Flow},
  booktitle =	 {3rd Intnl Sympo Modelling of Physiological Flows},
  year =	 2006,
  address =	 {Bergamo},
  month =	 {September}
}

@InProceedings{shbl06b,
  author = 	 {S. J. Sherwin and H. M. Blackburn},
  title = 	 {Direct Simulation of Turbulence and Transition in Steady
                  and Pulsatile Flow in a Model Stenotic Geometry},
  booktitle =	 {5th World Congress in BioMechanics},
  year =	 2006,
  address =	 {Munich},
  month =	 {July}
}

@InProceedings{shbl06a,
  author = 	 {S. J. Sherwin and H. M. Blackburn},
  title = 	 {Instability and transition of pulsatile flow in 
                  stenotic/constricted pipes},
  booktitle =	 {Euromech 2006},
  year =	 2006,
  address =	 {Stockholm},
  month =	 {June}
}

@InProceedings{pchnbb05,
  author = 	 {M. Prakash and P. Cleary and J. Ha and M. N. Noui-Mehidi
                  and H. M. Blackburn and G. Brooks},
  title = 	 {Simulation of Suspension of Solids in a Liquid
                  in a Mixing Tank using {SPH} and Comparison with
                  Physical Modelling Experiments},
  booktitle =	 {4th Int.\ Conf.\ {CFD} in Oil \& Gas,
                  Metallurgical and Process Industies},
  year =	 2005,
  address =	 {Trondheim},
  month =	 {June}
}

@InProceedings{esb05,
  author = 	 {J. R. Elston and J. Sheridan and H. M. Blackburn},
  title = 	 {Three-Dimensional {Floquet} Stability Analysis of the Flow
                  Produced by an Oscillating Cylinder in Quiescent Fluid},
  booktitle =	 {BBVIV4},
  year =	 2005,
  address =	 {Santorini},
  month =	 {June}
}

@InProceedings{nmbmgr05,
  author = 	 {M. N. Noui-Mehidi and H. M. Blackburn and R. Manasseh
                  and G. Brooks and M. Rudman},
  title = 	 {An experimental study on floating solids in a liquid bath},
  booktitle =	 {EPD Congress},
  year =	 2005,
  series =	 {Annual Congress},
  address =	 {San Francisco},
  month =	 {February},
  organization = {TMS}
}

@InProceedings{sbr04,
  author = 	 {S. Schmidt and H. M. Blackburn and M. Rudman},
  title = 	 {Impact of Outlet Boundary Conditions on the Flow
                  Properties in a Cyclone},
  booktitle = 	 {15th A/Asian Fluid Mech.\ Conf.},
  year =	 2004,
  address =	 {Sydney},
  month =	 {Dec.}
}

@InProceedings{blsh04c,
  author = 	 {H. M. Blackburn and S. J. Sherwin},
  title = 	 {Three-Dimensional Instabilities and Transition in
                  Pulsatile Stenotic Flows},
  booktitle = 	 {15th A/Asian Fluid Mech.\ Conf.},
  year =	 2004,
  address =	 {Sydney},
  month =	 {Dec.}
}

@InProceedings{blm04,
  author = 	 {H. M. Blackburn and J. M. Lopez and F. Marques},
  title = 	 {Three-Dimensional Quasi-Periodic Instabilities of
                  Two-Dimensional Time-Periodic Flows},
  booktitle = 	 {15th A/Asian Fluid Mech.\ Conf.},
  year =	 2004,
  address =	 {Sydney},
  month =	 {Dec.}
}

@InProceedings{lablm04b,
  author = 	 {Leung, J. J. F. and Hirsa, A. and Blackburn, H. M.
                  and Lopez, J. M. and Marques, F.},
  title = 	 {Three-Dimensional Modes in a Periodically Driven
                   Elongated Cavity},
  booktitle =	 {Bull.\ Div.\ Fluid Dyn.},
  year =	 2004,
  address =	 {Seattle, WA},
  month =	 {Nov.},
  organization = {Am.\ Phys.\ Soc.}
}

@InProceedings{shbl04b,
  author = 	 {Sherwin, S. J. and Blackburn, H. M.},
  title = 	 {Three-Dimensional Instabilities of Steady and
                  Pulsatile Axisymmetric Stenotic Flows},
  booktitle =	 {Bull.\ Div.\ Fluid Dyn.},
  year =	 2004,
  address =	 {Seattle, WA},
  month =	 {Nov.},
  organization = {Am.\ Phys.\ Soc.}
}

@InProceedings{blsh04b,
  author = 	 {H. M. Blackburn and S. J. Sherwin},
  title = 	 {A New Spectrally Convergent Spectral Element--{Fourier}
                  Formulation for Solution of {Navier}--{Stokes} Problems
                  in Cylindrical Coordinates},
  booktitle =	 {ICOSAHOM 2004},
  year =	 2004,
  address =	 {RI},
  month =	 {July},
  organization = {Brown University}
}

@InProceedings{mlb04b,
  author = 	 {Marques, F. and Lopez, J. M. and Blackburn, H.M.},
  title = 	 {Sobre las Inestabilidades Tridimensionales de Flujos
                  Bidimensionales con Simetria Espacio-Temporal {$Z_2$}},
  booktitle =	 {Nolineal 2004},
  year =	 2004,
  month =	 {June},
  organization = {Universidad de Castilla--La Mancha}
}

@InProceedings{shbl03c,
  author = 	 {Sherwin, S. J. and Blackburn, H. M.},
  title = 	 {BiGlobal instabilities of steady and pulsatile flow 
                  in a 75\% axisymmetric stenotic tube},
  booktitle =	 {Intnl Bio-Fluid Symp.\ \& Workshop},
  year =	 2003,
  month =	 {Dec.},
  organization = {California Inst.\ Tech.}
}

@InProceedings{sbrs03,
  author = 	 {Schmidt, S. and Blackburn, H. M. and Rudman, M.
                  and Sutalo, I.},
  title = 	 {Simulation of turbulent flow in a cyclonic separator},
  booktitle =	 {3rd Int.\ Conf.\ CFD Minerals \& Proc.\ Ind.},
  year =	 2003,
  address =	 {Melbourne},
  month =	 {Dec.}
}

@InProceedings{rubl03b,
  author = 	 {Rudman, M. and Blackburn, H. M.},
  title = 	 {The effect of shear-thinning behaviour on turbulent
                  pipe flow},
  booktitle =	 {3rd Int.\ Conf.\ CFD Minerals \& Proc.\ Ind.},
  year =	 2003,
  address =	 {Melbourne},
  month =	 {Dec.}
}

@InProceedings{lhlb03,
  author = 	 {Leung, J. and Hirsa, A. and Lopez, J. M.
                  and Blackburn, H. M.},
  title = 	 {Endwall effects in periodically driven cavity flow},
  booktitle =	 {Bull.\ Div.\ Fluid Dyn.},
  year =	 2003,
  address =	 {Meadowlands, NJ},
  month =	 {Nov.},
  organization = {Am.\ Phys.\ Soc.}
}

@InProceedings{blsh03,
  author = 	 {Blackburn, H. M. and Sherwin, S. J.},
  title = 	 {Floquet stability analysis of non-axisymmetric 
                  pulsatile stenotic flows},
  booktitle =	 {World Cong.\ Med.\ Phys.\ \& Biomed.\ Eng.},
  year =	 2003,
  address =	 {Sydney},
  month =	 {August}
}

@InProceedings{esb02,
  author = 	 {Elston, J. R. and Sheridan, J. and Blackburn, H. M.},
  title = 	 {Two-dimensional {Floquet} stability analysis of the flow
                  produced by an oscillating circular cylinder in 
                  quiescent fluid},
  booktitle = 	 {BBVIV3},
  year =	 2002,
  address =	 {Pt Douglas},
  month =	 {Dec.}
}

@InProceedings{vhlb02,
  author = 	 {Vogel, M. and Hirsa, A. and Lopez, J. M.  
                  and Blackburn, H. M.},
  title = 	 {Spatio-temporal dynamics of a periodically driven
                  cavity flow},
  booktitle =	 {Bull.\ Div.\ Fluid Dyn.},
  year =	 2002,
  address =	 {Dallas TX},
  organization = {Am.\ Phys.\ Soc.}
}

@InProceedings{rgbp02,
  author = 	 {M. Rudman and L. J. Graham and H. M. Blackburn
                  and L. Pullum},
  title = 	 {Non-{Newtonian} Turbulent and Transitional Pipe Flow},
  booktitle = 	 {15th Int.\ Conf. Hydrotransport},
  pages =	 {271--286},
  year =	 2002,
  address =	 {Banff},
  month =	 {June},
  organization = {BHR Group}
}

@InProceedings{rubl02,
  author = 	 {M. Rudman and H. M. Blackburn},
  title = 	 {Turbulent Pipe Flow of Non-{Newtonian} Fluids},
  booktitle = 	 {ICCFD2},
  year =	 2002,
  series =	 {Sydney},
  month =	 {July}
}

@InProceedings{smbrn01,
  author = 	 {S. Schmidt and D. M. McIver and
                  H. M. Blackburn and M. Rudman and G. J. Nathan},
  title = 	 {Spectral Element Based Simulation 
                  of Turbulent Pipe Flow},
  booktitle = 	 {14th A/Asian Fluid Mech.\ Conf.},
  year =	 2001,
  address =	 {Adelaide},
  month =	 {Dec.}
}

@InProceedings{sb01,
  author = 	 {S. Schmidt and H. M. Blackburn},
  title = 	 {Spectral Element Based Dynamic Large Eddy Simulation 
                  of Turbulent Channel Flow},
  booktitle = 	 {14th A/Asian Fluid Mech.\ Conf.},
  year =	 2001,
  address =	 {Adelaide},
  month =	 {Dec.}
}

@InProceedings{rbgp01,
  author = 	 {M. Rudman and H. M. Blackburn and
                  L. J. W Graham and L. Pullum},
  title = 	 {Weakly Turbulent Pipe Flow of a Power Law Fluid},
  booktitle = 	 {14th A/Asian Fluid Mech.\ Conf.},
  year =	 2001,
  address =	 {Adelaide},
  month =	 {Dec.}
}

@InProceedings{esb01,
  author = 	 {J. R. Elston and J. Sheridan and H. M. Blackburn},
  title = 	 {The Transition to Three-Dimensionality in the Flow
                  Produced by an Oscillating Circular Cylinder},
  booktitle = 	 {14th A/Asian Fluid Mech.\ Conf.},
  year =	 2001,
  pages =        {319--322},
  address =	 {Adelaide},
  month =	 {Dec.}
}

@InProceedings{bl01b,
  author = 	 {H. M. Blackburn and J. M. Lopez},
  title = 	 {Symmetry Breaking to Modulated Rotating Waves
                  in an Enclosed Swirling Flow},
  booktitle = 	 {14th A/Asian Fluid Mech.\ Conf.},
  year =	 2001,
  address =	 {Adelaide},
  month =	 {Dec.}
}

@InProceedings{blsc01b,
  author = 	 {H. M. Blackburn and S. Schmidt},
  title = 	 {Large eddy simulation of flow past a circular cylinder},
  booktitle = 	 {14th A/Asian Fluid Mech.\ Conf.},
  year =	 2001,
  address =	 {Adelaide},
  month =	 {Dec.}
}


@InProceedings{hmb01c,
  author = 	 {Blackburn, H. M.},
  title = 	 {Computational bluff body fluid dynamics and aeroelasticity},
  booktitle =	 {Wrkshp. Coupl.\ Fluids, Struct. Waves in Aeron.},
  year =	 2001,
  address =	 {Melbourne},
  month =	 {Dec.},
  organization = {CSIRO/CNRS/Dassault}
}

@InProceedings{ebs00,
  author = 	 {Elston, J. R. and Blackburn, H. M.  and Sheridan J.},
  title = 	 {The onset of three-dimensionality in the flow
                  generated by an oscillating cylinder},
  booktitle =	 {Bull.\ Div.\ Fluid Dyn.},
  year =	 2000,
  address =	 {Washington DC},
  month =	 {Nov.},
  organization = {Am.\ Phys.\ Soc.}
}

@InProceedings{lmsb00,
  author = 	 {Lopez, J. M. and Marques, F. and Sanchez, J.
                  and Blackburn, H. M.},
  title = 	 {Multiple unsteady solutions and symmetry breaking
                  in a confined swirling flow },
  booktitle =	 {Bull.\ Div.\ Fluid Dyn.},
  year =	 2000,
  address =	 {Washington DC},
  month =	 {Nov.},
  organization = {Am.\ Phys.\ Soc.}
}

@InProceedings{hmb00b,
  author = 	 {H. M. Blackburn},
  title = 	 {Sidewall Boundary Layer Instabilities 
                  in Enclosed Swirling Flow},
  booktitle = 	 {8th Eur.\ Turb.\ Conf.},
  year =	 2000,
  address =	 {Barcelona},
  month =	 {June},
  publisher =	 {CIMNE}
}

@InProceedings{bgw00,
  author = 	 {H. M. Blackburn and R. N. Govardhan and C. H. K. Williamson},
  title = 	 {A Complementary Numerical and Physical Investigation
                  of Vortex-Induced Vibration},
  booktitle = 	 {BBVIV2},
  year =	 2000,
  address =	 {Marseille},
  month =	 {June},
  organization = {IUTAM}
}

@InProceedings{hmb99,
  author = 	 {H. M. Blackburn},
  title = 	 {Domain Decomposition with {Robin} Boundary Conditions
                  Across a Phase Interface},
  booktitle = 	 {CTAC99},
  year =	 1999,
  address =	 {ANU},
  month =	 {Sept.}
}

@InProceedings{mbn99,
  author = 	 {D. M. McIver and H. M. Blackburn and G. J. Nathan},
  title = 	 {Spectral Element--{F}ourier Methods Appplied to Turbulent
                  Pipe Flow},
  booktitle = 	 {CTAC99},
  year =	 1999,
  address =	 {ANU},
  month =	 {Sept.}
}

@InProceedings{rubl99,
  author = 	 {M. Rudman and H. M. Blackburn},
  title = 	 {Spectral Element {LES} of Turbulent Pipe Flow},
  booktitle = 	 {2nd Conf.\ CFD Min.\ \& Proc.\ Ind.},
  year =	 1999,
  address =	 {Melbourne},
  month =	 {Dec.},
  organization = {CSIRO}
}

@InProceedings{hmb98a,
  author = 	 {H. M. Blackburn},
  title = 	 {A Comparison of Two- And Three-Dimensional Wakes
                  of an Oscillating Circular Cylinder},
  booktitle = 	 {13th A/Asian Fluid Mech.\ Conf.},
  year =	 1998,
  month =	 {Dec.},
  address =      {Melbourne}
}

@InProceedings{hmb98b,
  author = 	 {H. M. Blackburn},
  title = 	 {Channel Flow {LES} with Spectral Elements},
  booktitle = 	 {13th A/Asian Fluid Mech.\ Conf.},
  year =	 1998,
  month =	 {Dec.},
  address =      {Melbourne}
}

@InProceedings{rubl98,
  author = 	 {M. J. Rudman and H. M. Blackburn},
  title = 	 {Turbulent {Taylor--Couette} Flow},
  booktitle = 	 {13th A/Asian Fluid Mech.\ Conf.},
  year =	 1998,
  month =	 {Dec.},
  address =      {Melbourne}
}

@InProceedings{bes98,
  author = 	 {H. M. Blackburn and J. R. Elston and J. Sheridan},
  title = 	 {Flows Created by a Cylinder with Oscillatory Translation
                  and Spin},
  booktitle = 	 {Fluids Eng.\ Div.\ Summer Meet.},
  year =	 1998,
  address =	 {Washington DC},
  month =	 {June},
  organization = {ASME}
}

@InProceedings{nb97,
  author = 	 {D. A. Niclasen and H. M. Blackburn},
  title = 	 {Gauss and {Gauss}--{Lobatto} Element Quadratures Applied
                  to the Incompressible {Navier}--{Stokes} Equations},
  booktitle = 	 {CTAC97},
  year =	 1997,
  address =	 {Adelaide},
  month =	 {Sept.}
}

@InProceedings{nrmw97,
  author = 	 {Niclasen, R. D. and Rudman, M.
                  and Blackburn, H. M. and Wu, J.},
  title = 	 {Flow Simulation of a Mixing Vesel Incorporating Blade
                  Element Theory},
  booktitle = 	 {Int. Conf.\ Comp.\ Fluid Dyn.\ Min.\ \& Metals Proc.\
                  \& Power Gen.},
  year =	 1997,
  organization = {CSIRO},
  address =	 {Melbourne},
  month =	 {July}
}

@InProceedings{rbm97,
  author = 	 {Rudman, M. and Blackburn, H. M. and Merrell, J.},
  title = 	 {Bubble Rise in an Inclined Channel},
  booktitle = 	 {Intnl Conf.\ Comp.\ Fluid Dyn.\ Mineral \& Metals Proc.\
                  \& Power Gen.},
  year =	 1997,
  organization = {CSIRO},
  address =	 {Melbourne},
  month =	 {July}
}

@InProceedings{wpdcb96,
  author = 	 "M. C. Welsh and L. Pullum and R. J. Downie and
		  P. I. Cooper and H. M. Blackburn",
  title = 	 "The Role of Small-Scale Physical Modelling of Fluid
		  Dynamic Processes in Mineral Processing",
  booktitle =	 "Adv.\ Alumina Tech.",
  year =	 1996,
  address =	 "Darwin",
  month =	 "June",
  note =         "Keynote address"
}

@InProceedings{nb95,
  author = 	 "D. A. Niclasen and H. M. Blackburn",
  title = 	 "A Comparison of Mass-Lumping Techniques for the
		  Two-Dimensional {Navier}--{Stokes} Equations",
  booktitle =	 "12th A/Asian Fluid Mech.\ Conf.",
  year =	 1995,
  address =	 "Sydney",
  month =	 "Dec."
}

@InProceedings{bh95a,
  author = 	 "H. M. Blackburn and R. D. Henderson",
  title = 	 "Wake Dynamics in Flow Past an Oscillating Cylinder",
  booktitle =	 "9th Int.\ Conf.\ Num.\ Meth.\ Laminar \& Turb.\ Flow",
  year =	 1995,
  address =	 "Atlanta GA",
  month =	 "July",
  pages =        "1479--1490"
}

@InProceedings{bh95b,
  author = 	 "H. M. Blackburn and R. D. Henderson",
  title = 	 "Near-Wake Vorticity Dynamics in Bluff Body Flows",
  booktitle =	 "12th A/Asian Fluid Mech.\ Conf.",
  year =	 1995,
  address =	 "Sydney",
  month =	 "Dec.",
  pages =        "17--20"
}

@InProceedings{bh95c,
  author = 	 {H. M. Blackburn and R. D. Henderson},
  title = 	 {Phase Control of Vortex Shedding During Lock-In},
  booktitle = 	 {Bull.\ Div.\ Fluid Dyn.},
  address =      {Irvine, CA},
  month =        {Nov.},
  year =	 1995,
  publisher =	 {Am.\ Phys.\ Soc.}
}

@InProceedings{bh94a,
  author = 	 "H. M. Blackburn and R. D. Henderson",
  title = 	 "Body--Wake Interaction During Vortex-Induced Vibration",
  booktitle =	 "Int.\ Colloq.\ Jets, Wakes \& Shear Layers",
  year =	 1994,
  organization = "CSIRO",
  address =	 "Melbourne"
}

@InProceedings{bh94b,
  author = 	 "H. M. Blackburn and R. D. Henderson",
  title = 	 "Progress in Simulation of Vortex-Induced Vibration",
  booktitle =	 "4th Nat.\ Wrkshp.",
  year =	 1994,
  organization = "Aust.\ Wind Eng.\ Society",
  address =	 "Sydney"
}

@InProceedings{bk93,
  author = 	 "H. M. Blackburn and G. E. Karniadakis",
  title = 	 "Two- and Three-Dimensional Simulations of
		  Vortex-Induced Vibration of a Circular Cylinder",
  volume =	 "III",
  pages =	 "715--720",
  booktitle =	 "3rd Int.\ Offshore \& Polar Eng.\ Conf.",
  year =	 1993,
  address =	 "Singapore"
}

@InProceedings{bcm92,
  author = 	 {H. M. Blackburn and B. J. Cantwell and N. N. Mansour},
  title = 	 {Topological Characteristics of Incompressible Channel Flow},
  booktitle = 	 {Bull.\ Div.\ Fluid Dyn.},
  year =	 1992,
  address =      {Tallahasee, FL},
  month =        {Nov.},
  publisher =	 {Am.\ Phys.\ Soc.}
}

@InProceedings{bm92b,
  author = 	 {H. M. Blackburn and W. H. Melbourne},
  title = 	 {Cross Flow Response of Slender Circular-Cylindrical
                 Structures: Prediction Models and Recent Experimental
                 Results},
  booktitle = 	 {BBAA2},
  year =	 1992,
  address =	 {Melbourne},
  month =	 {Dec.}
}

@InProceedings{bm91a,
  author = 	 {H. M. Blackburn and W. H. Melbourne},
  title = 	 {Lift on an Oscillating Cylinder in Smooth and Turbulent
                 Flow},
  booktitle = 	 {8th Int.\ Conf.\ Wind Eng.},
  year =	 1991,
  address =	 {Western Ontario},
  month =	 {July},
  pages =	 {79--91}
}

@InProceedings{bm91b,
  author = 	 {H. M. Blackburn and W. H. Melbourne},
  title = 	 {Promotion of Instability During Lock-In},
  booktitle = 	 {2nd Nat.\ Wkshp.},
  year =	 1991,
  address =	 {Polkolbin},
  organization = {Aust.\ Wind Eng.\ Soc.},
  month =	 {Feb.}
}

@InProceedings{bm89a,
  author = 	 {H. M. Blackburn and W. H. Melbourne},
  title = 	 {Measurements of Coefficients of Lift and Spanwise
                 Correlation for a Circular Cylinder Oscillating in a
                 Turbulent Flow},
  booktitle = 	 {10th A/Asian Fluid Mech.\ Conf.},
  year =	 1989,
  address =	 {Melbourne},
  month =	 {Dec.}
}

@InProceedings{bm89b,
  author = 	 {H. M. Blackburn and W. H. Melbourne},
  title = 	 {Frequency and Time Domain Cancellation of Inertial
                 Signal from an Accelerating Force Transducer},
  booktitle = 	 {Wkshp.\ Ind.\ Fluid Dyn., Heat Trans.\ \& Wind Eng.},
  year =	 1989,
  organization = {CSIRO},
  address =	 {Melbourne},
  month =	 {Dec.}
}

@InProceedings{bm89c,
  author = 	 {H. M. Blackburn and W. H. Melbourne},
  title = 	 {Measurements of Sectional Lift Forces on an
                 Oscillating Cylinder},
  booktitle = 	 {2nd Asia/Pac. Symp.\ Wind Eng.},
  year =	 1989,
  address =	 {Beijing},
  month =	 {June},
  pages = 	 {332--339}
}

@InProceedings{mbm89,
  author = 	 {S. N. Manohar and  H. M. Blackburn and W. H. Melbourne},
  title = 	 {Aerodynamic Wind Effects on a Tall Chimney},
  booktitle = 	 {2nd Asia--Pacific Symp.\ Wind Eng.},
  year =	 1989,
  address =	 {Beijing},
  month =	 {June},
  pages =	 {764--771}
}

@InProceedings{ratbl84,
  author = 	 {R. Attwood and H. M. Blackburn},
  title = 	 {Predicted Moisture Loss from Soft Brown Coal
                  During Transport by Overland Conveyor},
  booktitle = 	 {Trans.\ Conf.},
  pages =	 {43--46},
  year =	 1984,
  volume =	 {84/9/M1331},
  address =	 {Perth},
  organization = {IEAust}
}
