@InBook{cran79,
  author = 	 "Stephen H. Crandall",
  title = 	 "Random Vibration of One- and Two-Dimensional Structures",
  chapter = 	 1,
  publisher =	 "Academic Press",
  year =	 1979,
  pages =	 "1--82",
  volume =	 2,
  series =	 "Devlopments in Statistics"
}
