% $Id$


@TechReport{hmb05b,
  author = 	 {H. M. Blackburn},
  title = 	 {Literature Review --- Design of Gas Ejectors},
  institution =  {CSIRO Manufacturing and Infrastructure Technology},
  year = 	 2005,
  number =	 {CMIT(C)-2006-XXX}
}

@TechReport{hmb05a,
  author = 	 {H. M. Blackburn},
  title = 	 {Carbothermic Magnesium Production --- Solvent Route:
                  Bath Stirring and Transport, Third Report
                  for {Light} {Metals} {Flagship}},
  institution =  {CSIRO Manufacturing and Infrastructure Technology},
  year = 	 2005,
  number =	 {CMIT(C)-2005-289}
}

@TechReport{bnm04b,
  author = 	 {H. M. Blackburn and M. N. Noui-Mehidi and Richard Manasseh
                  and Murray Rudman},
  title = 	 {Carbothermic Magnesium Production --- Solvent Route:
                  Bath Stirring and Transport, Second Report
                  for {Light} {Metals} {Flagship}},
  institution =  {CSIRO Manufacturing and Infrastructure Technology},
  year = 	 2004,
  number =	 {CMIT(C)-2004-471}
}

@TechReport{bnm04a,
  author = 	 {H. M. Blackburn and M. N. Noui-Mehidi and Richard Manasseh},
  title = 	 {Carbothermic Magnesium Production --- Solvent Route:
                  Bath Stirring and Transport, First Report
                  for {Light} {Metals} {Flagship}},
  institution =  {CSIRO Manufacturing and Infrastructure Technology},
  year = 	 2004,
  number =	 {CMIT(C)-2004-283}
}

@TechReport{bp04a,
  author = 	 {H. M. Blackburn and L. Pullum},
  title = 	 {{KSG} Attrition Mills: Stage 2, Modified Geometries for
                  {Queensland} {Alumina} {Ltd}},
  institution =  {CSIRO Manufacturing and Infrastructure Technology},
  year = 	 2004,
  number =	 {CMIT(C)-2004-053}
}

@TechReport{wgwbank03,
  author = 	 {B. Willis and L. Graham and J. Wu and H. M. Blackburn
                  and B. Aldham and B. Nguyen and T. Kilpatrick},
  title = 	 {{Murrin} {Murrin} Leach Autoclave Optimisation. {Phase}~1
                  Final Report},
  institution =  {Aker Kv{\ae}rner/CSIRO},
  year = 	 2003
}

@TechReport{bp03b,
  author = 	 {H. M. Blackburn and L. Pullum},
  title = 	 {Wear Reduction in {KSG} Attritor Mills for {QAL}:
                  A Research Proposal for Stage 2, Remediation Studies},
  institution =  {CSIRO Manufacturing and Infrastructure Technology},
  year = 	 2003,
  number =	 {CMIT(C)-2003-198}
}

@TechReport{bp03a,
  author = 	 {H. M. Blackburn and L. Pullum},
  title = 	 {Wear Reduction in {KSG} Attritor Mills for {QAL}:
                  Stage 1, Present Configuration},
  institution =  {CSIRO Manufacturing and Infrastructure Technology},
  year = 	 2003,
  number =	 {CMIT(C)-2003-094}
}

@TechReport{hmb02z,
  author = 	 {H. M. Blackburn},
  title = 	 {Computational Combustion Modelling},
  institution =  {CSIRO Building, Construction and Engineering},
  year = 	 2002,
  number =	 {02/204}
}

@TechReport{bm02,
  author = 	 {H. M. Blackburn and G. Metcalfe},
  title = 	 {Southern {Pacific} {Petroleum} {Stuart} Site Visit 3/6/2002},
  institution =  {CSIRO Building, Construction and Engineering},
  year = 	 2002,
  number =	 {02/164}
}

@TechReport{bpl02a,
  author = 	 {H. M. Blackburn and L. Pullum},
  title = 	 {Wear Reduction in Coal Attrition Mills,
                  Stage 2: Research Proposal for {NRGGOS} {Pty} {Ltd}},
  institution =  {CSIRO Building, Construction and Engineering},
  year = 	 2002,
  number =	 {02/120}
}

@TechReport{bpl02b,
  author = 	 {H. M. Blackburn and L. Pullum and M. Leinster},
  title = 	 {Wear Reduction in Coal Attrition Mills,
                  Stage 2: Design Guidelines for {NRGGOS} {Pty} {Ltd}},
  institution =  {CSIRO Building, Construction and Engineering},
  year = 	 2002,
  number =	 {02/100}
}

@TechReport{bp02,
  author = 	 {H. M. Blackburn and L. Pullum},
  title = 	 {{KSG} Attrition Mills: Site Visit {February} 2002 and
                  Proposed Investigation for {Queensland} {Alumina} {Ltd}},
  institution =  {CSIRO Building, Construction and Engineering},
  year = 	 2002,
  number =	 {02/077}
}

@TechReport{hmb01,
  author = 	 {H. M. Blackburn},
  title = 	 {Characterise Droplet Flows Within a New Spray Nozzle for
                  {Saurin} {Enterprises} {Pty} {Ltd}},
  institution =  {CSIRO Building, Construction and Engineering},
  year = 	 2001,
  number =	 {01/383}
}

@TechReport{bpsl01,
  author = 	 {H. M. Blackburn and L. Pullum and
                  I. J. Sutalo and M. Leinster},
  title = 	 {Wear Reduction in {NRGGOS} Coal Attrition Mills.
                  {Part}~1: Flow Visualisation Studies},
  institution =  {CSIRO Building, Construction and Engineering},
  year = 	 2001,
  number =	 {00/443}
}

@TechReport{phc01,
  author = 	 {J. V. Pierce and H. Blackburn and P.I. Cooper},
  title = 	 {An Experimental Investigation of the Airflow Through
                  a Personal Body Drier on Behalf of {Niche} {Innovations}},
  institution =  {CSIRO Building, Construction and Engineering},
  year = 	 2001,
  number =	 {01/040}
}

@TechReport{newhbl00,
  author = 	 {Guy Metcalfe and Flynn White and Hugh Blackburn},
  title = 	 {Flow Performance on an Inhaler Prototype: Stage 1 Report},
  institution =  {CSIRO Building, Construction and Engineering},
  year = 	 2000,
  number =	 {00/359}
}

@TechReport{wubl00,
  author = 	 {J. Wu and H. M. Blackburn},
  title = 	 {Minimisation of {MIEX} Resin Particle
                  Attrition in Mixing Tanks.},
  institution =  {CSIRO Building, Construction and Engineering},
  year = 	 2000,
  number =	 {00/356}
}

@TechReport{metbl00a,
  author = 	 {G. Metcalfe and H. M. Blackburn},
  title = 	 {Draft Research Proposal to
                  Study Flow Performance of an Inhaler Prototype
                  for {Glaxo--Wellcome}},
  institution =  {CSIRO Division of Building, Construction and Engineering},
  year = 	 2000,
  number =	 {00/146}
}

@TechReport{buibl00b,
  author = 	 {V. A. Bui and H. M. Blackburn},
  title = 	 {Simulations of Design Improvements for Sandtraps
                  {AAL} Refinery, {Aughinish}},
  institution =  {CSIRO Division of Building, Construction and Engineering},
  year = 	 2000,
  number =	 {00/191}
}

@TechReport{buibl00a,
  author = 	 {V. A. Bui and H. M. Blackburn},
  title = 	 {Improve Underflow Recovery in Sandtraps at
                  {AAL} Refinery, {Aughinish} --- Progress Report},
  institution =  {CSIRO Division of Building, Construction and Engineering},
  year = 	 2000,
  number =	 {00/102}
}

@TechReport{mbm98,
  author = 	 {J. S. Merrell and H. M. Blackburn and T. McCray},
  title = 	 {Characterisation of Multiclone Recycle Rates and
                  Sacrificial Wear Trials},
  institution =  {CSIRO Division of Building, Construction and Engineering},
  year = 	 1998,
  number =	 {98/216}
}

@TechReport{bgwpmw95,
  author = 	 "H. M. Blackburn and L. J. W. Graham and L. W. Welch
		  and L. Pullum and J. Merrell and K. D. Watson",
  title = 	 "{Al/TiB$_2$} Behaviour in Aluminium Reduction Cells.
		  {Stage}~{II}: {Preliminary} and Commissioning Work",
  institution =  "CSIRO Division of Building, Construction and Engineering",
  year = 	 1995,
  number =	 "95/139(M)"
}

@TechReport{bla83,
  author = 	 "H. M. Blackburn",
  title = 	 "Molnar Screw Operated Electro-Mechanical Two Post
		  Vehicle Hoist {Model~No. MF 4923~85S} Design Calculations",
  institution =  "Kinhill Stearns Engineers",
  year = 	 1983,
  number =	 "A83306"
}

@TechReport{bla90a,
  author = 	 "H. M. Blackburn",
  title = 	 "Review of Design Brief for Vortex Induced Vibrations
		  of Slender Elements",
  institution =  "MEL Consultants",
  year = 	 1990,
  number =	 "4/90"
}

@TechReport{bla96a,
  author = 	 "H. M. Blackburn",
  title = 	 "Wear Reduction in {KSG} Coal Attritor Mills for
		  {Queensland} {Alumina} {Limited}",
  institution =  "CSIRO Division of Building, Construction and Engineering",
  year = 	 1996,
  number =	 "96/104(M)"
}

@TechReport{bla96b,
  author = 	 "H. M. Blackburn",
  title = 	 "Report on Site Visit to {QAL}, {July} 1996",
  institution =  "CSIRO Division of Building, Construction and Engineering",
  year = 	 1996,
  number =	 "96/128(m)"
}

@TechReport{bla99a,
  author = 	 {Hugh M. Blackburn},
  title = 	 {Simulation of Transport in {WCOT} Columns for
                  {SGE} {International} {Pty} {Ltd}.  {Progress} Report},
  institution =  {CSIRO Division of Building, Construction and Engineering},
  year = 	 1999,
  number =	 {99/052}
}

@TechReport{bla99b,
  author = 	 {Hugh M. Blackburn},
  title = 	 {Simulation of Transport in {WCOT} Columns for
                  {SGE} {International} {Pty} {Ltd}.  {Stage 1} Report},
  institution =  {CSIRO Division of Building, Construction and Engineering},
  year = 	 1999,
  number =	 {99/091}
}

@TechReport{bpw95,
  author = 	 "H. M. Blackburn and L. Pullum and M. Wood",
  title = 	 "Physical Modelling of a Cage Mill. {Stage~II}",
  institution =  "CSIRO Division of Building, Construction and Engineering",
  year = 	 1995,
  number =	 "95/64(M)"
}

@TechReport{brwpmw96,
  author = 	 "H. M. Blackburn and M. Rudman and L. W. Welch and
		  L. Pullum and J. Merrell and K. D. Watson",
  title = 	 "{Al/TiB}$_2$ Behaviour in Aluminium Reduction Cells.
		  {Stage}~{III}: Experimental Work Progress Report",
  institution =  "CSIRO Division of Building, Construction and Engineering",
  year = 	 1996,
  number =	 "96/120(M)"
}

@TechReport{brwpmw96b,
  author = 	 "H. M. Blackburn and M. Rudman and L. W. Welch and
		  L. Pullum and J. Merrell and K. D. Watson",
  title = 	 "{Al/TiB}$_2$ Behaviour in Aluminium Reduction Cells.
		  {Final} Report",
  institution =  "CSIRO Division of Building, Construction and Engineering",
  year = 	 1996,
  number =	 "96/171(M)"
}

@TechReport{ckhrtb95,
  author = 	 "K. J. Cathro and W. H. Kruesi and K. Hourigan and
		  M. Rudman and M. C. Thompson and H. M. Blackburn",
  title = 	 "Modelling the {Alcan} Multipolar Magnesium Cell.
		  {Joint} Progress Report {No.~1}",
  institution =  "CSIRO Division of Minerals \& Division of Building,
		  Construction and Engineering",
  year = 	 1995,
  number =	 "MPC/M-503"
}

@TechReport{gcb99,
  author = 	 {C. F. Grainger and G. Cross and H. M. Blackburn},
  title = 	 {Modelling of Flow into Calciner Kiln Electrostatic
                  Precipitator {N}o.~3 at {Euralumina} {Sardinia}},
  institution =  {CSIRO Division of Building, Construction and Engineering},
  year = 	 1999,
  number =	 {99/254}
}

@TechReport{gpbmibwms98,
  author = 	 {C. Grainger and D. Paterson and H. M. Blackburn and
                  T. McCray and D. Illievski and C. Brescianini and
                  J. Wu and R. Manasseh and I. Shepherd},
  title = 	 {{Swirling} {Flow} {Technology}, {CSIRO} Research 1998:
                  {SFT} {Report} No.~3, {First} Quarterly Update},
  institution =  {CSIRO Division of Building, Construction and Engineering},
  year = 	 1998,
  number =	 {98/212}
}

@TechReport{grb96,
  author = 	 "L. J. W. Graham and H. M. Blackburn",
  title = 	 "Analysis of Flows in a Continuous Deflective
		  Separation Unit.  {Stage~I}: {Literature} Survey",
  institution =  "CSIRO Division of Building, Construction and Engineering",
  year = 	 1996,
  number =	 "96/53(M)"
}

@TechReport{jnssrbsfjffchw95,
  author = 	 "R. R. M. Johnson and T. V. Nguyen and K. Simic and
		  M. P. Schwarz and M. Rudman and H. M. Blackburn and
		  J. D. Swift and P. D. Fawell and W. G. Jones and
		  J. B. Farrow and B.L. Fletcher and M. Collison and
		  R. Heckler and L. J. Warren",
  title = 	 "{AMIRA} {Project} {P266}.  {Improving} Thickener
		  Technology {Stage~2}.  5th Progress Report",
  institution =  "CSIRO Division of Minerals \& Division of Building,
		  Construction and Engineering, A. J. Parker CRC.",
  year = 	 1995,
  number =	 "DM-R118"
}

@TechReport{mb98,
  author = 	 {H. M. Blackburn and J. S. Merrell},
  title = 	 {Screen Characterisation for {CDS} {Pty} {Ltd}},
  institution =  {CSIRO Division of Building, Construction and Engineering},
  year = 	 1998,
  number =	 {98/195(M)}
}

@TechReport{mbpm98,
  author = 	 {J. S. Merrell and H. M. Blackburn and 
                  L. Pullum and T. McCray},
  title = 	 {Modelling of Flows in Multiclone Inlet Ductwork},
  institution =  {CSIRO Division of Building, Construction and Engineering},
  year = 	 1998,
  number =	 {98/162}
}

@TechReport{melb85a,
  author = 	 "W. H. Melbourne and H. M. Blackburn",
  title = 	 "The {Victoria} {Project}: Aeroelastic Wind Tunnel
		  Model Tests",
  institution =  "MEL Consultants",
  year = 	 1985,
  month =	 "July"
}

@TechReport{melb85b,
  author = 	 "W. H. Melbourne and H. M. Blackburn",
  title = 	 "Wind Tunnel Model Pressure Measurements on the
		  {Metroplex} {Mall} Atrium Canopy",
  institution =  "MEL Consultants",
  year = 	 1985,
  month =	 "December"
}

@TechReport{melb86,
  author = 	 "W. H. Melbourne and H. M. Blackburn",
  title = 	 "Aeroelastic Model Wind Tunnel Tests on the {TATA}
		  {Trombay} Chimneys",
  institution =  "MEL Consultants",
  year = 	 1986,
  number =	 "24/86",
  month =	 "November"
}

@TechReport{melb87,
  author = 	 "W. H. Melbourne and H. M. Blackburn",
  title = 	 "120 {Collins} {Street}: Aeroelastic Wind Tunnel
		  Model Tests",
  institution =  "MEL Consultants",
  year = 	 1987,
  number =	 "14/87",
  month =	 "August"
}

@TechReport{mpb99,
  author = 	 {J. S. Merrell and L. Pullum and H. M. Blackburn},
  title = 	 {Multiclone Modelling, {S}tage 1},
  institution =  {CSIRO Division of Building, Construction and Engineering},
  year = 	 1999,
  number =	 {99/168}
}

@TechReport{mrb95a,
  author = 	 "P. Morris and M. Rudman and H. M. Blackburn",
  title = 	 "Modelling the {Alcan} Multipolar Magnesium Cell.
		  {Progress} Report {No.~2} (Numerical Modelling).",
  institution =  "CSIRO Division of Building, Construction and Engineering",
  year = 	 1995,
  number =	 "95/59(M)"
}

@TechReport{mrb95b,
  author = 	 "P. Morris and M. Rudman and H. M. Blackburn",
  title = 	 "Modelling the {Alcan} Multipolar Magnesium Cell.
		  {Progress} Report {No.~3} (Numerical Modelling).",
  institution =  "CSIRO Division of Building, Construction and Engineering",
  year = 	 1995,
  number =	 "95/113(M)"
}

@TechReport{rub95,
  author = 	 "M. Rudman and H. M. Blackburn",
  title = 	 "The Interaction Between Fluid Dynamics and Flocculation",
  institution =  "CSIRO Division of Building, Construction and Engineering",
  year = 	 1995,
  number =	 "95/147(M)"
}

@TechReport{sbi98,
  author = 	 {I. Shepherd and H. M. Blackburn and D. Illievski},
  title = 	 {A Research Proposal to Further Develop Swirling 
                  Flow Technology},
  institution =  {CSIRO Division of Building, Construction and Engineering},
  year = 	 1998,
  number =	 {98/020}
}

@TechReport{wbpw94,
  author = 	 "L. W. Welch and H. M. Blackburn and L. Pullum and
		  K. D. Watson",
  title = 	 "{Al/TiB$_2$} Behaviour in Aluminium Reduction Cells.
		  {Stage} {I}. {Review} of Current Knowledge",
  institution =  "CSIRO Division of Building, Construction and Engineering",
  year = 	 1994,
  number =       "94/95(M)"
}




