% $Id$
%%%%%%%%%%%%%%%%%%%%%%%%%%%%%%%%%%%%%%%%%%%%%%%%%%%%%%%%%%%%%%%%%%%%%%%%%%%%%%

@Article{limn92,
  author = 	 "T. T. Lim and T. B. Nickels",
  title = 	 "Instability and Reconnection in the Head-On
		  Collision of Two Vortex Rings",
  journal =	 "Nature",
  year =	 1992,
  volume =	 357
}

@Article{grs98,
  author = 	 {M. Gharib and E. Rambod and K. Shariff},
  title = 	 {A Universal Time Scale for Vortex Ring Formation},
  journal = 	 JFM,
  year = 	 1998,
  volume =	 360,
  pages =	 {121--140}
}

@Article{shgh00,
  author = 	 {M. Shusser and M. Gharib},
  title = 	 {A Model for Vortex Ring Formation in a
                  Starting Buoyant Plume},
  journal = 	 JFM,
  year = 	 2000,
  volume =	 416,
  pages =	 {173--185}
}

@Article{dagh04,
  author = 	 {John O. Dabiri and Morteza Gharib},
  title = 	 {Fluid Entrainment by Isolated Vortex Rings},
  journal = 	 JFM,
  year = 	 2004,
  volume =	 511,
  pages =	 {311--331}
}

@Article{dagh05,
  author = 	 {John O. Dabiri and Morteza Gharib},
  title = 	 {Starting Flow Through Nozzles with Temporally Variable
                  Exit Diameter},
  journal = 	 JFM,
  year = 	 2005,
  notes =        {submitted}
}

@Article{fuha05,
  author = 	 {Y. Fukumoto and Y. Hattori},
  title = 	 {Curvature Instability of a Vortex Ring},
  journal = 	 JFM,
  year = 	 2005,
  volume =	 526,
  pages =	 {77--115}
}

@Article{shle92,
  author = 	 {Karim Shariff and A. Leonard},
  title = 	 {Vortex Rings},
  journal = 	 ARFM,
  year = 	 1992,
  volume =	 24,
  pages =	 {235--79}
}

