
@Article{crimi88,
  author = 	 {Peter Crimi},
  title = 	 {Analysis of Samara-Wing Decelerator
                  Steady-State Characteristics},
  journal = 	 {AIAA J. Aircraft},
  year = 	 1988,
  volume =	 25,
  number =	 1,
  pages =	 {41--47}
}

@Article{asok87,
  author = 	 {Akira Azuma and Yoshinori Okuno},
  title = 	 {Flight of a Samara, Alsomitra Macrocarpa},
  journal = 	 {J. Theor.\ Biol.},
  year = 	 1987,
  volume =	 129,
  pages =	 {263--274}
}

@Article{sero99,
  author = 	 {D. Seter and A. Rosen},
  title = 	 {Dynamics of Systems That Include Wings in Autorotation},
  journal = 	 {ASME J. Dyn.\ Sys.\ Meas.\ Cont.},
  year = 	 1999,
  volume =	 121,
  number =       2,
  pages =	 {248--254}
}

@Article{lugt83,
  author = 	 {Hans J. Lugt},
  title = 	 {Autorotation},
  journal = 	 ARFM,
  year = 	 1983,
  volume =	 15,
  pages =	 {123--147}
}

@Article{hess68,
  author = 	 {Felix Hess},
  title = 	 {The Aerodynamics of Boomerangs},
  journal = 	 {Scientific American},
  year = 	 1968,
  pages =	 {124--136},
  month =	 {November}
}

@Article{mccut77,
  author = 	 {C. W. McCutchen},
  title = 	 {The Spinning Rotation of Ash and Tulip Tree Samaras},
  journal = 	 {Science},
  year = 	 1977,
  volume =	 197,
  pages =	 {691--2}
}

