% $Id $
%%%%%%%%%%%%%%%%%%%%%%%%%%%%%%%%%%%%%%%%%%%%%%%%%%%%%%%%%%%%%%%%%%%%%%%%%%%%%%

@Article{mtn02,
  author = 	 {Y. Mikaye and K. Tsujimoto and N. Nagai},
  title = 	 {Numerical Simulation of Channel Flow with a
                  Rib-Roughened Wall},
  journal = 	 JT,
  year = 	 2002,
  volume =	 3,
  pages =	 {035-1--17}
}

@Article{dope98,
  author = 	 {F. Domenichini and G. Pedrizzetti},
  title = 	 {Impulsively Started Flow Separation in Wavy-Walled Tubes},
  journal = 	 JFM,
  year = 	 1998,
  volume =	 359,
  pages =	 {1--22}
}

@Article{guro03,
  author = 	 {A. G{\"{u}}nther and P. R. von Rohr},
  title = 	 {Large-Scale Structures in a Developed Flow
                  Over a Wavy Wall},
  journal = 	 JFM,
  year = 	 2003,
  volume =	 478,
  pages =	 {257--285}
}

@Article{kgr03,
  author = 	 {N. Kruse and A. G{\"{u}}nther and P. R. von Rohr},
  title = 	 {Dynamics of Large-Scale Structures in Turbulent Flow
                  Over a Wavy Wall},
  journal = 	 JFM,
  year = 	 2003,
  volume =	 485,
  pages =	 {87--96}
}

