% $Id$
%%%%%%%%%%%%%%%%%%%%%%%%%%%%%%%%%%%%%%%%%%%%%%%%%%%%%%%%%%%%%%%%%%%%%%%%%%%%%%%

@Article{gsk94,
  author = 	 {John G. Giannakouros and David Sidilkover
                  and George Em Karniadakis},
  title = 	 {Spectral Element--{FCT} Method for the One- and
                  Two-Dimensional Compressible {Euler} Equations},
  journal = 	 CMAME,
  year = 	 1994,
  volume =	 116,
  pages =	 {113--121}
}

@Article{lin01,
  author = 	 {Wen H. Lin},
  title = 	 {Least-Squares {Legendre} Spectral Element Solutions
                  to Sound Propagation Problems},
  journal = 	 JASA,
  year = 	 2001,
  volume =	 109,
  number =	 2,
  pages =	 {465--474}
}

@Article{gkp86,
  author = 	 {N. K. Ghaddar and G. E. Karniadakis and A. T. Patera},
  title = 	 {A Conservative Isoparametric Spectral Element Method
                  for Forced Convection: Application to Fully Developed
                  Flow in Periodic Geometries},
  journal = 	 {NHT},
  year = 	 1986,
  volume =	 9,
  pages =	 {277--300}
}

@Article{gir98,
  author = 	 {Francis X. Giraldo},
  title = 	 {The {Lagrange}--{Galerkin} Spectral Element Method on 
                  Unstructured Quadrilateral Grids},
  journal = 	 JCP,
  year = 	 1998,
  volume =	 147,
  pages =	 {114--146}
}

@Article{kopriva92,
  author = 	 {David A. Kopriva},
  title = 	 {Multidomain Spectral Solution of Compressible Viscous Flows},
  journal = 	 JCP,
  year = 	 1992,
  volume =	 115,
  pages =	 {184--199}
}

@Article{gika92,
  author = 	 {John Giannakouros and George Em Karniadakis},
  title = 	 {A Spectral Element--{FCT} Method for the 
                  Compressible Euler Equations},
  journal = 	 JCP,
  year = 	 1992,
  volume =	 115,
  pages =	 {65--85}
}

@Article{neka97,
  author = 	 {David J. Newman and George Em Karniadakis},
  title = 	 {A Direct Numerical Simulation of Flow Past a
                  Freely Vibrating Cable},
  journal = 	 JFM,
  year = 	 1997,
  volume =	 344,
  pages =	 {95--136}
}

@Article{pawa00,
  author = 	 {Luca F. Pavarino and Timothy Warburton},
  title = 	 {Overlapping {Schwarz} Methods for
                  Unstructured Spectral Elements},
  journal = 	 JCP,
  year = 	 2000,
  volume =	 160,
  pages =	 {298--317}
}

@Article{bdf94,
  author = 	 {Rupak Biswas and Karen D. Devine and Joseph E. Flaherty},
  title = 	 {Parallel, Adaptive Finite Element Methods
                  for Conservation Laws},
  journal = 	 ANM,
  year = 	 1994,
  volume =	 14,
  pages =	 {255--283}
}

@Article{fm01,
  author = 	 {P. F. Fischer and J. S. Mullen},
  title = 	 {Filter-Based Stabilization of Spectral Element Methods},
  journal = 	 {Comptes Rendus {\'{a}} l'Acad{\'{e}}mie des Sciences
                  {Paris}, Ser.~1, Anal.\ Numerique},
  year = 	 2001,
  volume =	 332,
  pages =	 {265--270}
}

@InProceedings{bmp94,
  author = 	 {C. Bernardi and Y. Maday and A. T. Patera},
  title = 	 {A New Nonconforming Approach to Domain Decomposition:
                  The Mortar Element Method},
  booktitle = 	 {Nonlinear Partial Differential Equations and
                  Their Applications},
  pages =	 {13--51},
  year =	 1994,
  editor =	 {H. Brezis and J. L. Lions},
  volume =	 11,
  publisher =	 {Pitman/Wiley}
}

@InProceedings{ammp90,
  author = 	 "George Anagnostou and Yvon Maday and Catherine
		  Mavriplis and Anthony T. Patera",
  title = 	 "On the Mortar Element Method: Generalizations and
		  Implementation",
  booktitle = 	 {Third Int.\ Conf.\ Domain Decomp.\ Methods for 
                  Partial Differential Equations},
  year =	 1990,
  editor =	 {Glowinski},
  address =	 {Philadelphia, PA},
  organization = {SIAM}
}

@Article{amon93,
  author = 	 {Cristina H. Amon},
  title = 	 {Spectral Element--{Fourier} Method for Transitional Flows
                  in Complex Geometries},
  journal = 	 AIAA,
  year = 	 1993,
  volume =	 31,
  number =	 1,
  pages =	 {42--48}
}

@Article{ap89,
  author = 	 "Cristina H. Amon and Anthony T. Patera",
  title = 	 "Numerical Calculation of Stable Three-Dimensional
		  Tertiary States in Grooved-Channel Flow",
  journal =	 PoFA,
  year =	 1989,
  volume =	 1,
  number =	 2,
  pages =	 "2005--2009"
}

@Article{batk94,
  author = 	 "Paul F. Batcho and George Em Karniadakis",
  title = 	 "Generalized {Stokes} Eigenfunctions: A New Trial
		  Basis for the Solution of Incompressible
		  {Navier}--{Stokes} Equations",
  journal =	 JCP,
  year =	 1994,
  volume =	 115,
  pages =	 "121--146"
}

@Article{bdm90,
  author = 	 {Christine Bernardi and Na{\"{i}}ma Debit and Yvon Maday},
  title = 	 {Coupling Finite Element and Spectral Methods: First Results},
  journal = 	 {Mathematics of Computation},
  year = 	 1990,
  volume =	 54,
  number =	 189,
  pages =	 {21--39}
}

@Article{bm89,
  author = 	 "Christine Bernardi and Yvon Maday",
  title = 	 "Approximation Results for Spectral Methods with
		  Domain Decomposition",
  journal =	 ANM,
  year =	 1989,
  volume =	 5,
  pages =	 "33--52"
}

@Article{bml89,
  author = 	 "Christine Bernardi and Yvon Maday and Giovanni
		  Sacchi Landriani",
  title = 	 "Nonconforming Matching Conditions for Coupling
		  Spectral and Finite Element Methods",
  journal =	 ANM,
  year =	 1989,
  volume =	 6,
  pages =	 "65--84"
}

@Article{boyd98,
  author = 	 {J. P. Boyd},
  title = 	 {Two Comments on Filtering (Artificial Viscosity) for
                  {Chebyshev} and {Legendre} Spectral and Spectral Element
                  Methods: Preserving Boundary Conditions and Interpretation
                  of the Filter as Diffusion},
  journal = 	 JCP,
  year = 	 1998,
  volume =	 143,
  pages =	 {283--288}
}

@Article{cd95,
  author = 	 "W. Couzy and M. O. Deville",
  title = 	 "A Fast Schur Complement Method for the Spectral
		  Element Discretization of the Incompressible
		  {Navier}--{Stokes} Equations",
  journal =	 JCP,
  year =	 1995,
  volume =	 116,
  pages =	 "135--142"
}

@Article{cenk96,
  author = 	 "Catherine Crawford, Constantinos Evangelinos, David
		  Newman and George Em Karniadakis",
  title = 	 "Parallel Benchmarks of Turbulence in Complex Geomtrries",
  journal =	 CF,
  year =	 1996,
  volume =	 25,
  number =	 7,
  pages =	 "677--698"
}

@Article{chk92,
  author = 	 {Douglas Chu and Ron Henderson and George Em Karniadakis},
  title = 	 {Parallel Spectral-Element--{Fourier} Simulation of 
                  Turbulent Flow over Riblet-Mounted Surfaces},
  journal = 	 TCFD,
  year = 	 1992,
  volume =	 3,
  pages =	 {219--229}
}

@Article{fir94,
  author = 	 {Paul F. Fischer and Einar M. R{\o}nquist},
  title = 	 {Spectral Element Methods for Large-Scale Parallel
                  {Navier}--{Stokes} Calculations},
  journal = 	 CMAME,
  year = 	 1994,
  volume =	 116,
  pages =	 {69--76}
}

@Article{fisc97,
  author = 	 {Paul F. Fischer},
  title = 	 {An Overlapping {Schwarz} Method for Spectral Element
                  Solution of the Incompressible {Navier}--{Stokes} Equations},
  journal = 	 JCP,
  year = 	 1997,
  volume =	 133,
  pages =	 {84--101}
}

@Article{gdp96,
  author = 	 "D. Rh. Gwynllyw and A. R. Davies and T. N. Phillips",
  title = 	 "A Moving Spectral Element Approach to the
		  Dynamically Loaded Bearing Problem",
  journal =	 JCP,
  year =	 1996,
  volume =	 123,
  pages =	 "476--494"
}

@Article{geph00,
  author = 	 {M. I. Gerritsma and T. N. Phillips},
  title = 	 {Spectral Element Methods for Axisymmetric Stokes Problems},
  journal = 	 JCP,
  year = 	 2000,
  volume =	 164,
  pages =	 {81--103}
}

@Article{ghdu00,
  author = 	 {Br{\u{a}}du{\c{t}} Ghidersa and Jan D{\v{u}}sek},
  title = 	 {Breaking of Axisymmetry and Onset of Unsteadiness
                  in the Wake of a Sphere},
  journal = 	 JFM,
  year = 	 2000,
  volume =	 423,
  pages =	 {33-69}
}

@PhdThesis{hen94,
  author = 	 "Ronald Dean Henderson",
  title = 	 "Unstructured Spectral Element Methods: Parallel
		  Algorithms and Simulations",
  school = 	 "Princeton University",
  year = 	 1994
}

@InProceedings{hen95,
  author = 	 "Ronald D. Henderson",
  title = 	 "Spectral Elements: Adaptivity and Applications in
		  Fluid Dynamics",
  booktitle =	 "Int.\ Conf.\ Comp.\ Eng.\ Sci.",
  year =	 1995,
  address =	 "Hawaii",
  month =	 "July"
}

@InCollection{hen99b,
  author = 	 {Ronald D. Henderson},
  title = 	 {Adaptive Spectral Element Methods for 
                  Turbulence and Transition},
  booktitle = 	 {High-Order Methods for Computational Physics},
  pages =	 {225--324},
  publisher =	 {Springer},
  year =	 1999,
  editor =	 {T. J. Barth and H. Deconinck},
  chapter =	 3
}

@Article{hk91,
  author = 	 "Ron D. Henderson and George Em Karniadakis",
  title = 	 "Hybrid Spectral-Element-Low-Order Methods for
		  Incompressible Flows",
  journal =	 JSC,
  year =	 1991,
  volume =	 6,
  number =	 2,
  pages =	 "79--100"
}

@InProceedings{hk93,
  author = 	 "R. D. Henderson and G. E. Karniadakis",
  title = 	 "Unstructured Spectral Element Methods for the
		  Incompressible {Navier}--{Stokes} Equations",
  booktitle =	 "8th Intnl Conf.\ Finite Element Methods in Fluids",
  year =	 1993,
  address =	 "Barcelona"
}

@Article{hk95,
  author = 	 "Ronald D. Henderson and George E. Karniadakis",
  title = 	 "Unstructured Spectral Element Methods for Simulation
		  of Turbulent Flows",
  journal =	 JCP,
  year =	 1995,
  volume =	 122,
  pages =	 "191--217"
}

@Article{hr94,
  author = 	 "Lee-Wing Ho and Einar M. R{\o}nquist",
  title = 	 "Spectral Element Solution of Steady Incompressible
		  Viscous Free-Surface Flows",
  journal =	 FEAD,
  year =	 1994,
  volume =	 16,
  pages =	 "207--227"
}

@Article{ihb95,
  author = 	 "Mohamed Iskandarani and Dale B. Haidvogel and John
		  P. Boyd",
  title = 	 "A Staggered Spectral Element Model with Application
		  to the Oceanic Shallow Water Equations",
  journal =	 IJNMF,
  year =	 1995,
  volume =	 20,
  pages =	 "393--414"
}

@Article{kar89,
  author = 	 "George Em Karniadakis",
  title = 	 "Spectral Element Simulations of Laminar and
		  Turbulent Flows in Complex Geometries",
  journal =	 ANM,
  year =	 1989,
  volume =	 6,
  pages =	 "85--105"
}

@Article{kar90,
  author = 	 "G. E. Karniadakis",
  title = 	 "Spectral Element--{Fourier} Methods for Incompressible
		  Turbulent Flows",
  journal =	 CMAME,
  year =	 1990,
  volume =	 80,
  pages =	 "367--380"
}

@Article{khtr89,
  author = 	 {Hwar C. Ku and Richard Hirsh and Thomas D. Taylor and
                  Allen Rosenberg},
  title = 	 {A Pseudospectral Matrix Element Method for Solution of
                  Three-Dimensional Incompressible Flows and Its Parallel
                  Implementation},
  journal = 	 JCP,
  year = 	 1989,
  volume =	 83,
  pages =	 {260--291}
}

@Article{kok96,
  author = 	 "David A. Kopriva and John H. Kolias",
  title = 	 "A Conservative Staggered-Grid {Chebyshev}
		  Multidomain Method for Compressible Flows",
  journal =	 JCP,
  year =	 1996,
  volume =	 125,
  pages =	 "244--261"
}

@Article{kop96,
  author = 	 "David A. Kopriva",
  title = 	 "A Conservative Staggered-Grid {Chebyshev}
		  Multidomain Method for Compressible Flows. {II}. A
		  Semi-Structured Method",
  journal =	 JCP,
  year =	 1996,
  volume =	 128,
  pages =	 "475--488"
}

@Article{kop98,
  author = 	 {Danial A Kopriva},
  title = 	 {A Staggered-Grid Multidomain Spectral Method for the
                  Compressible {N}avier--{S}tokes Equations},
  journal = 	 JCP,
  year = 	 1998,
  volume =	 143,
  pages =	 {125--158}
}

@Article{kp86,
  author = 	 "Karol Z. Korczak and Anthony T. Patera",
  title = 	 "An Isoparametric Spectral Element Method for
		  Solution of the {Navier}--{Stokes} Equations in
		  Complex Geometry",
  journal =	 JCP,
  year =	 1986,
  volume =	 62,
  pages =	 "361--382"
}

@Article{lih00,
  author = 	 {Julia G. Levin and Mohammed Iskandarani 
                  and Dale B. Haidvogel},
  title = 	 {A Nonconforming Spectral Element Ocean Model},
  journal = 	 IJNMF,
  year = 	 2000,
  volume =	 34,
  pages =	 {495--525}
}

@Article{lih97,
  author = 	 {Julia G. Levin and Mohammed Iskandarani and
                  Dale B. Haidvogel},
  title = 	 {A Spectral Filtering Procedure for Eddy-Resolving
                  Simulations with a Spectral Element Ocean Model},
  journal = 	 JCP,
  year = 	 1997,
  volume =	 137,
  pages =	 {130--154}
}

@Article{lqk98,
  author = 	 {I. Lomtev and C. B. Quillen and G. E. Karniadakis},
  title = 	 {Spectral/$hp$ Methods for Viscous Compressible Flows on
                  Unstructured {2D} Meshes},
  journal = 	 JCP,
  year = 	 1998,
  volume =	 144,
  pages =	 {325--357}
}

@Article{mav94,
  author = 	 "Catherine Mavriplis",
  title = 	 "Adaptive Mesh Strategies for the Spectral Element Method",
  journal =	 CMAME,
  year =	 1994,
  volume =	 116,
  pages =	 "77--86"
}

@InProceedings{mmt89,
  author = 	 {Yvon Maday and Cathy Mavriplis and Anthony T. Patera},
  title = 	 {Nonconforming Mortar Element Methods:
                  Application to Spectral Discretizations},
  booktitle = 	 {Domain Decomposition Methods},
  pages =	 {392--418},
  year =	 1989,
  editor =	 {T. Chan, J, Periaux, O. Widlund},
  address =	 {Philadelphia, PA},
  publisher =	 {SIAM}
}

@InCollection{mt89,
  author = 	 "Yvon Maday and Anthony T. Patera",
  title = 	 "Spectral Element Methods for the Incompressible
		  {Navier}--{Stokes} Equations",
  chapter = 	 3,
  publisher =	 "ASME",
  year =	 1989,
  editor =	 "A. K. Noor and J. T. Oden",
  booktitle =	 "State-of-the-Art Surveys on Computational Mechanics",
  pages =        "71--143"
}

@Article{omh92,
  author = 	 "J. M. Occhialini and G. P. Muldowney and J. J. L. Higdon",
  title = 	 "Boundary Integral/Spectral Element Approaches to the
		  {Navier}--{Stokes} Equations",
  journal =	 IJNMF,
  year =	 1992,
  volume =	 15,
  pages =	 "1361--1381"
}

@Article{pat84,
  author = 	 "Anthony T. Patera",
  title = 	 "A Spectral Element Method for Fluid Dynamics:
		  Laminar Flow in a Channel Expansion",
  journal =	 JCP,
  year =	 1984,
  volume =	 54,
  pages =	 "468--488"
}

@Article{pey90,
  author = 	 {Roger Peyret},
  title = 	 {The {Chebyshev} Multidomain Approach to Stiff Problems
                  in Fluid Dynamics},
  journal = 	 CMAME,
  year = 	 1990,
  volume =	 80,
  pages =	 {129--145}
}

@Article{pk95,
  author = 	 "D. Pathria and G. E. Karniadakis",
  title = 	 "Spectral Element Method for Elliptic Problems in
		  Nonsmooth Domains",
  journal =	 JCP,
  year =	 1995,
  volume =	 122,
  pages =	 "83--95"
}

@Article{rdh99,
  author = 	 {R. D. Henderson},
  title = 	 {Dynamic Refinement Algorithms for Spectral Element Methods},
  journal = 	 CMAME,
  year = 	 1999,
  volume =	 175,
  pages =	 {395--411}
}

@PhdThesis{ron88,
  author = 	 "Einar Malvin R{\o}nquist",
  title = 	 "Optimal Spectral Element Methods for the Unsteady
		  Three-Dimensional Incompressible {Navier}--{Stokes}
		  Equations",
  school = 	 "Massachusetts Institute of Technology",
  year = 	 1988
}

@Article{ron96,
  author = 	 "Einar M. R{\o}nquist",
  title = 	 "Convection Treatment Using Spectral Elements of
		  Different Order",
  journal =	 IJNMF,
  year =	 1996,
  volume =	 22,
  pages =	 "241--264"
}

@Article{shk96,
  author = 	 "S. J. Sherwin and G. E. Karniadakis",
  title = 	 "Tetrahedral $hp$ Finite Elements: Algorithms and
		  Flow Solutions",
  journal =	 JCP,
  year =	 1996,
  volume =	 124,
  pages =	 "14--45"
}

@InProceedings{sk94,
  author = 	 "Spencer Sherwin and George Karniadakis",
  title = 	 "A Triangular Spectral Element Method: Algorithms
		  and Flow Simulations",
  year =         1994,
  volume =	 "Algorithms I",
  booktitle =	 "ECCOMAS 94",
  publisher =	 "Wiley"
}

@InProceedings{tok93,
  author = 	 "A. G. Tomboulides and S. A. Orszag and G. E. Karniadakis",
  title = 	 "Direct and Large-Eddy Simulation of Axisymmetric Wakes",
  series =	 "AIAA-93-0546",
  booktitle =	 "31st Aerospace Sciences Meeting and Exhibit",
  year =	 1993,
  address =	 "Reno"
}

@PhdThesis{tomb93,
  author = 	 {Ananias G. Tomboulides},
  title = 	 {Direct and Large-Eddy Simulation of Wake Flows:
                  Flow Past a Sphere},
  school = 	 {Princeton},
  year = 	 1993
}

@Article{tti97,
  author = 	 {Mark Taylor and Joseph Tribbia and Mohemed Iskandarani},
  title = 	 {The Spectral Element Method ofr the Shallow Water Equations
                  on the Sphere},
  journal = 	 JCP,
  year = 	 1997,
  volume =	 130,
  pages =	 {92--108}
}

@Article{wph00,
  author = 	 {T. Warburton and L. F. Pavarino and J. S. Hesthaven},
  title = 	 {A Pseudo-Spectral Scheme for the Incompressible
                  {Navier}--{Stokes} Equations using
                  Unstructured Nodal Elements},
  journal = 	 JCP,
  year = 	 2000,
  volume =	 164,
  pages =	 {1--21}
}

@Article{zoi97,
  author = 	 {U. Zrahia and S. A. Orszag and M. Israeli},
  title = 	 {Hybrid Spectral Element/Asymptotic Method for
                  Boundary Layers Problems},
  journal = 	 JCP,
  year = 	 1997,
  volume =	 138,
  pages =	 {858--880}
}

@Article{lk99,
  author = 	 {Igor Lomtev and George Em Karniadakis},
  title = 	 {A Discontinuous {Galerkin} Method for the {Navier}--{Stokes}
                  Equations},
  journal = 	 IJNMF,
  year = 	 1999,
  volume =	 29,
  pages =	 {587--603}
}

@Article{wikl01,
  author = 	 {D. Wilhelm and L. Kleiser},
  title = 	 {Stability Analysis for Different Formulations of the
                  Nonlinear Term in $P_N$--$P_{N-2}$ Spectral Element
                  Discretizations of the {Navier}--{Stokes} Equations},
  journal = 	 JCP,
  year = 	 2001,
  volume =	 174,
  pages =	 {306--326}
}

@InProceedings{sher02,
  author = 	 {Spencer J. Sherwin},
  title = 	 {A Substepping {Navier}--{Stokes} Splitting Scheme for 
                  Spectral/$hp$ Element Discretizations},
  booktitle =	 {Parallel Computational Fluid Dynamics},
  year =	 2002,
  editor =	 {Matsuno, Ecer, Periaux, Satufuka and Fox},
  address =	 {Kanasi Science City, Japan},
  publisher =	 {Elsevier}
}

@Article{hjs02,
  author = 	 {Paul Houston and Max Jensen and Endre S{"{u}}li},
  title = 	 {$hp$-Discontinuous {Galerkin} Finite Element Methods
                  with Least-Squares Stabilization},
  journal = 	 JSC,
  year = 	 2002,
  volume =	 17,
  number =	 {1--4},
  pages =	 {3--25}
}

@Article{paxu02,
  author = 	 {P. Pasquetti and C. J. Xu},
  title = 	 {High-Order Algorithms for Large-Eddy Simulation
                  of Incompressible Flows},
  journal = 	 JSC,
  year = 	 2002,
  volume =	 17,
  number =	 {1--4},
  pages =	 {273--284}
}

@Article{gepr02,
  author = 	 {Marc I. Gerritsma and Michael M. J. Proot},
  title = 	 {Analysis of a Discontinuous Least-Squares
                  Spectral Element Method},
  journal = 	 JSC,
  year = 	 2002,
  volume =	 17,
  number =	 {1--4},
  pages =	 {297--306}
}

@Article{az02,
  author = 	 {Mejdi Azaiez},
  title = 	 {A Spectral Element Projection Scheme for Incompressible
                  Flow with Application to the
                  Unsteady Axisymmetric {Stokes} Problem},
  journal = 	 JSC,
  year = 	 2002,
  volume =	 17,
  number =	 {1--4},
  pages =	 {573--584}
}

@Article{prge02,
  author = 	 {M. M. J. Proot and M. I. Gerritsma},
  title = 	 {A Leat-Squares Spectral Element Formulation for
                  the {Stokes} Problem},
  journal = 	 JSC,
  year = 	 2002,
  volume =	 17,
  number =	 {1--4},
  pages =	 {285--296}
}

@Article{maro02,
  author = 	 {Yvon Maday and Einar M. R{\o}nquist},
  title = 	 {A Reduced-Basis Element Method},
  journal = 	 JSC,
  year = 	 2002,
  volume =	 17,
  number =	 {1--4},
  pages =	 {447--459}
}

@Article{fkl02,
  author = 	 {Paul F. Fischer and Gerald W. Kruse and Francis Loth},
  title = 	 {Spectral Element Methods for Transitional Flows in
                  Complex Geometries},
  journal = 	 JSC,
  year = 	 2002,
  volume =	 17,
  number =	 {1--4},
  pages =	 {81--98}

}
