% $Id$
%%%%%%%%%%%%%%%%%%%%%%%%%%%%%%%%%%%%%%%%%%%%%%%%%%%%%%%%%%%%%%%%%%%%%%%%%%%%%%%

@Article{cbr29,
  author = 	 {K. W. Chan and M. H. I. Baird and G. F. Round},
  title = 	 {Motion of a Solid Sphere in a
                  Horizontally Oscillating Fluid},
  journal = 	 CES,
  year = 	 1974,
  volume =	 29,
  pages =	 {1585--1592}
}

@Article{bailey74,
  author = 	 {J. E. Bailey},
  title = 	 {Particle Motion in Rapidly Oscillating Flows},
  journal = 	 CES,
  year = 	 1974,
  volume =	 29,
  pages =	 {767--773}
}

@Article{femi97,
  author = 	 {Zhi-Gang Feng and Efstathios E. Michaelides},
  title = 	 {Unsteady Heat and Mass Transfer from a Spheroid},
  journal = 	 AIChEJ,
  year = 	 1997,
  volume =	 43,
  number =       3,
  pages =	 {609--614}
}

@Article{femi96,
  author = 	 {Zhi-Gang Feng and E. E. Michaelides},
  title = 	 {Unsteady Heat Transfer From a Sphere
                  at Small Peclet Numbers},
  journal = 	 JFE,
  year = 	 1996,
  volume =	 118,
  pages =	 {96--102}
}

@Article{fms96,
  author = 	 {Z.-G. Feng and E. E. Michaelides and M.-F. Scibilia},
  title = 	 {The Energy Equation of a Sphere in an Unsteady and
                  Nonuniform Temperature Field},
  journal = 	 {Rev.\ G{\'{e}}n.\ Therm.},
  year = 	 1996,
  volume =	 35,
  pages =	 {5--13}
}

@Article{femi01,
  author = 	 {Zhi-Gang Feng and Efstathios E. Michaelides},
  title = 	 {Heat and Mass Transfer Coefficients of Viscous Spheres},
  journal = 	 IJHMT,
  year = 	 2001,
  volume =	 44,
  pages =	 {4445--4454}
}

@Article{femi00b,
  author = 	 {Zhigaang Feng and Efstathios E. Michaelides},
  title = 	 {Mass and Heat Transfer From Fluid Spheres at low
                  {Reynolds} Numbers},
  journal = 	 PT,
  year = 	 2000,
  volume =	 112,
  pages =	 {63--69}
}

@Article{mife94,
  author = 	 {Efstathios E. Michaelides and Zhigang Feng},
  title = 	 {Heat Transfer From a Rigid Sphere in a Nonuniform Flow
                  and Temperature Field},
  journal = 	 IJHMT,
  year = 	 1994,
  volume =	 43,
  number =	 14,
  pages =	 {2069--2076}
}

@Article{femi00a,
  author = 	 {Zhi-Gang Feng and Efstathios E. Michaelides},
  title = 	 {A Numerical Study on the Transient Heat Transfer From a
                  Sphere at High {Reynolds} and {Peclet} Numbers},
  journal = 	 IJHMT,
  year = 	 2000,
  volume =	 43,
  pages =	 {219--222}
}

@Article{alba97,
  author = 	 {R. S. Alassar and H. M. Badr},
  title = 	 {Oscillating Viscous Flow Over a Sphere},
  journal = 	 CF,
  year = 	 1997,
  volume =	 26,
  number =	 7,
  pages =	 {661--682}
}

@Article{asm01,
  author = 	 {Evgeny S. Asmolov},
  title = 	 {Flow Past a Sphere Undergoing Unsteady Rectlinear
                  Motion and Unsteady Drag at Small {Reynolds} Number},
  journal = 	 JFM,
  year = 	 2001,
  volume =	 446,
  pages =	 {95--119}
}

@Article{brenner63,
  author = 	 {H. Brenner},
  title = 	 {Forced Convection Heat and Mass Transfer at Small
                  Peclet Numbers From a Particle of Arbitrary Shape},
  journal = 	 {Chem.\ Eng.\ Sci.},
  year = 	 1963,
  volume =	 18,
  pages =	 {109--122}
}

@Article{chama94,
  author = 	 {Eugene J. Chang and Martin R. Maxey},
  title = 	 {Unsteady Flow About a Sphere at Low to Moderate {Reynolds}
                  Number. {Part}~1. {Oscillatory} Motion},
  journal = 	 JFM,
  year = 	 1994,
  volume =	 277,
  pages =	 {347--379}
}

@Article{drly90,
  author = 	 {C. K. Drummond and F. A. Lyman},
  title = 	 {Mass Transfer from a Sphere in an Oscillating Flow
                  with Zero Mean Velocity},
  journal = 	 CM,
  year = 	 1990,
  volume =	 6,
  pages =	 {315--326}
}

@Article{dwh73,
  author = 	 {S. C. R. Dennis and J. D. A. Walker and J. D. Hudson},
  title = 	 {Heat Transfer from a Sphere at Low {Reynolds} Number},
  journal = 	 JFM,
  year = 	 1973,
  volume =	 60,
  pages =	 {273--283}
}

@Article{fncc98,
  author = 	 {S. L. Fraenkel and L. A. H. Nogueira and J. A. Carvalho, Jr.
                  and F. S. Costa},
  title = 	 {Heat Transfer Coefficients for Drying in Pulsating Flows},
  journal = 	 {Int.\ Comm.\ Heat Mass Transfer},
  year = 	 1998,
  volume =	 25,
  number =	 4,
  pages =	 {471--480}
}

@Article{forn88,
  author = 	 {Bengt Fornberg},
  title = 	 {Steady Viscous Flow Past a Sphere at High Reynolds Numbers},
  journal = 	 JFM,
  year = 	 1988,
  volume =	 190,
  pages =	 {471--489}
}

@Article{jopa99,
  author = 	 {T. A. Johnson and V. C. Patel},
  title = 	 {Flow Past a Sphere up to a {Reynolds} Number of 300},
  journal = 	 JFM,
  year = 	 1999,
  volume =	 378,
  pages =	 {19--70}
}

@Article{kram46,
  author = 	 {H. Kramers},
  title = 	 {Heat Transfer from Spheres to Flowing Media},
  journal = 	 {Physica},
  year = 	 1946,
  volume =	 {XII},
  number =	 {2-3},
  pages =	 {61--80}
}

@Article{kws98,
  author = 	 {Inchul Kim and Said Elghobashi and Wiliam A. Sirignano},
  title = 	 {On the Equation for Spherical-Particle Motion:
                  Effect of {Reynolds} and Acceleration Numbers},
  journal = 	 JFM,
  year = 	 1998,
  volume =	 367,
  pages =	 {221--253}
}

@Article{lclr95,
  author = 	 {D. V. Lyubimov and A. A. Cherepanoy and
                  T. P. Lyubimova and B. Roux},
  title = 	 {The Flows Induced by a Heated Oscillating Sphere},
  journal = 	 IJHMT,
  year = 	 1995,
  volume =	 38,
  number =	 11,
  pages =	 {2089--2100}
}

@Article{lighxx,
  author = 	 {M. J. Lighthill},
  title = 	 {The Image System of a Vortex Element in a Rigid Sphere},
  journal = 	 {Camb.\ Philos.},
  year = 	 1955,
  volume =	 {xx},
  pages =	 {317--321}
}

@Article{maep72,
  author = 	 {Jacob H. Masilyah and Norman Epstein},
  title = 	 {Numerical Solution of Heat and Mass Transfer from Spheroids
                  in Steady Axisymmetric Flow},
  journal = 	 {Prog.\ Heat Mass Trans.},
  year = 	 1972,
  volume =	 6,
  pages =	 {613--632}
}

@Article{mei94,
  author = 	 {R. Mei},
  title = 	 {Flow Due to an Oscillating Sphere and an Expression for
                  Unsteady Drag on the Sphere at Finite {Reynolds} Number},
  journal = 	 JFM,
  year = 	 1994,
  volume =	 270,
  pages =	 {133--174}
}

@Article{mr83,
  author = 	 "Martin R. Maxey and James J. Riley",
  title = 	 "Equation of Motion for a Small Rigid Sphere in a
		  Nonuniform Flow",
  journal =	 PoF,
  year =	 1983,
  volume =	 26,
  number =	 4,
  pages =	 "883--889"
}

@Article{ms95,
  author = 	 "Michael Manga amd H. A. Stone",
  title = 	 "Low {Reynolds} Number Motion of Bubbles, Drops and
		  Rigid Spheres through Fluid-Fluid Interfaces",
  journal =	 JFM,
  year =	 1995,
  volume =	 287,
  pages =	 "279--298"
}

@Article{odar66,
  author = 	 {Fuat Odar},
  title = 	 {Verification of the Proposed Equation for Calculation
                  of the Forces on a Sphere Accelerating in a Viscous Fluid},
  journal = 	 JFM,
  year = 	 1966,
  volume =	 25,
  pages =	 {591--592}
}

@Article{odha63,
  author = 	 {Fuat Odar and Wallis S. Hamilton},
  title = 	 {Forces on a Sphere Accelerating in a Viscous Fluid},
  journal = 	 JFM,
  year = 	 1963,
  volume =	 18,
  number =	 {302--314}
}

@Article{ppk01,
  author = 	 {W. H. Piarah and A. Paschedag and M. Kraume},
  title = 	 {Numerical Simulation of Mass Transfer between a Single
                  Drop and an Ambient Flow},
  journal = 	 AIChEJ,
  year = 	 2001,
  volume =	 47,
  number =	 7,
  pages =	 {1701--1704}
}

@Article{riley66,
  author = 	 {N. Riley},
  title = 	 {On a Sphere Oscillating in a Viscous Fluid},
  journal = 	 {Quart.\ J. Mech.\ Appl.\ Math.},
  year = 	 1966,
  volume =	 {XIX},
  number =	 4,
  pages =	 {461--472}
}

@Article{sh95,
  author = 	 "Hiroshi Sakamoto and Hiroyuki Haniu",
  title = 	 "The Formation Mechanism and Shedding Frequency of
		  Vortices from a Sphere in a Uniform Shear Flow",
  journal =	 JFM,
  year =	 1995,
  volume =	 287,
  pages =	 "151--171"
}

@Article{tala76,
  author = 	 {A. M. Al Taweel and J. Landau},
  title = 	 {Mass Transfer Between Solid Spheres and Oscillating Fluids
                  --- A Critical Review},
  journal = 	 CJCE,
  year = 	 1976,
  volume =	 54,
  pages =	 {532--539},
  month =	 {December}
}

@Article{tomors00,
  author = 	 {Ananias G. Tomboulides and Steven A. Orszag},
  title = 	 {Numerical Investigation of Transitional and
                  Weak Turbulent Flow Past a Sphere},
  journal = 	 JFM,
  year = 	 2000,
  volume =	 416,
  pages =	 {45--73}
}
