
@Article{liki00,
  author = 	 {Zhigang Liu and Andrew K. Kim},
  title = 	 {A Review of Water Mist Fire Suppression Technology:
                  Part {II}---Fundamental Studies},
  journal = 	 {J. Fire Prot.\ Engng},
  year = 	 2000,
  volume =	 10,
  pages =	 {32--50}
}

@Article{liki01,
  author = 	 {Zhigang Liu and Andrew K. Kim},
  title = 	 {A Review of Water Mist Fire Suppression Technology:
                  Part {II}---Application Studies},
  journal = 	 {J. Fire Prot.\ Engng},
  year = 	 2001,
  volume =	 11,
  pages =	 {16--42}
}

@Article{bbh00,
  author = 	 {Gerard G. Back III and Craig L. Beyler and Rich Hansen},
  title = 	 {A Quasi-steady-state Model for Predicting Fire Suppression
                  in Spaces Protected by Water Mist Systems},
  journal = 	 {Fire Saftey Journal},
  year = 	 2000,
  volume =	 35,
  pages =	 {327--362}
}

@Article{bhyc99,
  author = 	 {R. A. Bunnell and S. D. Heister and
                  C. Yen and S. H. Collicott},
  title = 	 {Cavitating Injector Flows:
                  Validation of Numerical Models and
                  Simulations of Pressure Atomizers},
  journal = 	 AS,
  year = 	 1999,
  volume =	 9,
  pages =	 {445--465}
}

@Article{chre96,
  author = 	 {Norman Chigier and Rolf D. Reitz},
  title = 	 {Regimes of Jet Breakup and Breakup Mechanisms},
  journal = 	 {Prog.\ Astron.\ Aeron.},
  year = 	 1996,
  volume =	 166,
  pages =	 {109--136}
}

@Article{dddk95,
  author = 	 {V. Dorfner and J. Domnick and F. Durst and R. K{\"{o}}hler},
  title = 	 {Viscosity and Surface Tension Effects in
                  Pressure Swirl Atomization},
  journal = 	 AS,
  year = 	 1995,
  volume =	 5,
  pages =	 {261--285}
}

@Article{feh97,
  author = 	 {Douglas A. Feikema and Richard Eskridge and John J. Hutt},
  title = 	 {Structure of a Nonevaporating Swirl Injector Spray},
  journal = 	 AS,
  year = 	 1997,
  volume =	 7,
  pages =	 {77--95}
}

@Article{gbfk00,
  author = 	 {G. Gr{\"{u}}nefeld and J. Bartelheimer
                  and H. Finke and S. Kr{\"{u}}ger},
  title = 	 {Gas-Phase Velocity Field Measurements in Sprays
                  Without Particle Seeding},
  journal = 	 EF,
  year = 	 2000,
  volume =	 29,
  pages =	 {238--246}
}

@Article{laho00,
  author = 	 {J. C. Lasheras and E. J. Hopfinger},
  title = 	 {Liquid Jet Instability and Atomization in a 
                  Coaxial Gas Stream},
  journal = 	 ARFM,
  year = 	 2000,
  volume =	 32,
  pages =	 {275--308}
}

@Article{lefe92,
  author = 	 {Arthur H. Lefebvre},
  title = 	 {Twin-Fluid Atomization: Factors Influencing Mean Drop Size},
  journal = 	 AS,
  year = 	 1992,
  volume =	 2,
  pages =	 {101--119}
}

@Article{lere99,
  author = 	 {C. H. Lee and Rolf D. Reitz},
  title = 	 {Modeling the Effects of Gas Density on the Drop Trajectory
                  and Breakup Size of High-Speed Liquid Drops},
  journal = 	 AS,
  year = 	 1999,
  volume =	 9,
  pages =	 {497--517}
}

@Article{lika87,
  author = 	 {S. P. Lin and D. J. Kang},
  title = 	 {Atomization of a Liquid Jet},
  journal = 	 PoF,
  year = 	 1987,
  volume =	 30,
  number =	 7,
  pages =	 {2000--2006}
}

@Article{lire93,
  author = 	 {A. B. Liu and R. D. Reitz},
  title = 	 {Mechanisms of Air-Assisted Liquid Atomization},
  journal = 	 AS,
  year = 	 1993,
  volume =	 3,
  pages =	 {55--75}
}

@Article{lire98,
  author = 	 {S. P. Lin and R. D. Reitz},
  title = 	 {Drop and Spray Formation from a Liquid Jet},
  journal = 	 ARFM,
  year = 	 1998,
  volume =	 30,
  pages =	 {85--105}
}

@Article{lvh98,
  author = 	 {J. C. Lasheras and E. Villermaux and E. J. Hopfinger},
  title = 	 {Break- Up and Atomization of a Round Water Jet
                  by a High-Speed Annular Air Jet},
  journal = 	 JFM,
  year = 	 1998,
  volume =	 357,
  pages =	 {351--379}
}

@Article{mhb98,
  author = 	 {R. S. Miller and K. Harstad and J. Bellan},
  title = 	 {Evaluation of equilibruim and non-equilibrium evaporation
                  models for many-droplet gas-liquid flow simulations},
  journal = 	 IJMF,
  year = 	 1998,
  volume =	 24,
  pages =	 {1025--1055}
}

@Article{mili99,
  author = 	 {Sushanta K. Mitra and Xianguo Li},
  title = 	 {A Predictive Model for Droplet Size Distribution in Sprays},
  journal = 	 AS,
  year = 	 1999,
  volume =	 9,
  pages =	 {29--50}
}

@Article{noy00,
  author = 	 {P. D. Noymer},
  title = 	 {The Use of Single-Point Measurements to Characterize
                  Dynamic Behaviour of Sprays},
  journal = 	 EF,
  year = 	 2000,
  volume =	 29,
  pages =	 {228--237}
}

@Article{rebr82,
  author = 	 {R. D. Reitz and F. V. Bracco},
  title = 	 {Mechanism of Atomization of a Liquid Jet},
  journal = 	 PoF,
  year = 	 1982,
  volume =	 25,
  number =	 10,
  pages =	 {1730--1742}
}

@Article{reitz87,
  author = 	 {Rolf D. Reitz},
  title = 	 {Modeling Atomization Processes in High-Pressure
                  Vaporizing Sprays},
  journal = 	 {Atomization and Spray Technology},
  year = 	 1987,
  volume =	 3,
  pages =	 {309--337}
}

@Article{sig93,
  author = 	 {William A. Sirignano},
  title = 	 {Fluid Dynamics of Sprays},
  journal = 	 JFE,
  year = 	 1993,
  volume =	 115,
  pages =	 {345--378}
}

@Article{wape99,
  author = 	 {Yuepeng Wan and Norbert Peters},
  title = 	 {Scaling of Spray Penetration with Evaporation},
  journal = 	 AS,
  year = 	 1999,
  volume =	 9,
  pages =	 {111-132}
}

