% $Id$
%%%%%%%%%%%%%%%%%%%%%%%%%%%%%%%%%%%%%%%%%%%%%%%%%%%%%%%%%%%%%%%%%%%%%%%%%%%%%%%

@Article{kwr98,
  author = 	 {H. C. Kuhlmann and M. Wanschura and H. J. Rath},
  title = 	 {Elliptic Instability in Two-Sided Lid-Driven Cavity Flow},
  journal = 	 EJMB,
  year = 	 1998,
  volume =	 17,
  number =       4,
  pages =	 {561--569}
}

@Article{akr01,
  author = 	 {S. Albensoeder and H. C. Kuhlmann and H. J. Rath},
  title = 	 {Three-Dimensional Centrifugal-Flow Instabilities
                  in the Lid-Driven-Cavity Problem},
  journal = 	 PoF,
  year = 	 2001,
  volume =	 13,
  number =	 1,
  pages =	 {121--135}
}

@Article{alku02,
  author = 	 {S. Albensoeder and H. C. Kuhlmann},
  title = 	 {Three-Dimensional Instability of Two Counter-Rotating
                  Vortices in a Rectangular Cavity Driven
                  by Parallel Wall Motion},
  journal = 	 EJMB,
  year = 	 2002,
  volume =	 21,
  pages =	 {307--316}
}

@Article{lansa87,
  author = 	 {M. J. Landman and P. G. Saffman},
  title = 	 {The Three-Dimensional Instability of
                  Strained Vortices in a Viscous Fluid},
  journal = 	 PoF,
  year = 	 1987,
  volume =	 30,
  number =	 8,
  pages =	 {2339--2342}
}

@Article{ph86,
  author = 	 {R. T. Pierrehumbert},
  title = 	 {Universal Short-Wave Instability of Two-Dimensional Eddies
                  in a Strained Fluid},
  journal = 	 PRL,
  year = 	 1986,
  volume =	 57,
  number =	 17,
  pages =	 {2157--2159}
}

@Article{bayly86,
  author = 	 {B. J. Bayly},
  title = 	 {Three-Dimensional Instability of Elliptical Flow},
  journal = 	 PRL,
  year = 	 1986,
  volume =	 57,
  number =	 17,
  pages =	 {2160--2163}
}

@Article{bayly88,
  author = 	 {B. J. Bayly},
  title = 	 {Three-Dimensional Centrifugal-Type Instabilities in
                  Inviscid Two-Dimensional Flows},
  journal = 	 POF,
  year = 	 1988,
  volume =	 31,
  number =	 1,
  pages =	 {56--64}
}

@Article{lewi98,
  author = 	 {T. Leweke and C. H. K. Williamson},
  title = 	 {Cooperative Elliptic Instability of a Vortex Pair},
  journal = 	 JFM,
  year = 	 1998,
  volume =	 360,
  pages =	 {85--119}
}

@Article{pier02,
  author = 	 {Beno{\^{i}}t Pier},
  title = 	 {On the Frequency Selection of Finite-Amplitude
                  Vortex Shedding in the Cylinder Wake},
  journal = 	 JFM,
  year = 	 2002,
  volume =	 458,
  pages =	 {407--417}
}

@Article{mema02,
  author = 	 {A. Meseguer and F. Marques},
  title = 	 {On the Competition between Centrifugal and Shear Instability
                  in Spiral {Pouseuille} Flow},
  journal = 	 JFM,
  year = 	 2002,
  volume =	 455,
  pages =	 {129--148}
}

@Article{alku02,
  author = 	 {S. Albensoeder and H. C. Kuhlmann},
  title = 	 {Linear Stability of Rectangular Cavity Flows Driven
                  by Anti-Parallel Motion of Two Facing Walls},
  journal = 	 JFM,
  year = 	 2002,
  volume =	 458,
  pages =	 {153--180}
}

@Article{resa89,
  author = 	 {Helen L. Reed and William S. Saric},
  title = 	 {Stability of Three-Dimensional Boundary Layers},
  journal = 	 ARFM,
  year = 	 1989,
  volume =	 21,
  pages =	 {235--84}
}

@Article{boh88,
  author = 	 {Bruce J. Bayly and Steven A. Orszag and Thorwald Herbert},
  title = 	 {Instability Mechanisms in Shear-Flow Transition},
  journal = 	 ARFM,
  year = 	 1988,
  volume =	 20,
  pages =	 {359--91}
}

@Article{herb88,
  author = 	 {Thorwald Herbert},
  title = 	 {Secondary Instability of Boundary Layers},
  journal = 	 ARFM,
  year = 	 1988,
  volume =	 20,
  pages =	 {487--526}
}

@Article{jack87,
  author = 	 {C. P. Jackson},
  title = 	 {A Finite-Element Study of the Onset of Vortex Shedding
                  in Flow Past Variously Shaped Bodies},
  journal = 	 JFM,
  year = 	 1987,
  volume =	 182,
  pages =	 {23--45}
}

@Article{sila98,
  author = 	 {D. Sipp and L. Jaquin},
  title = 	 {Elliptic Instability in Two-Dimensional Flattened
                  {Taylor}--{Green} Vortices},
  journal = 	 PoF,
  year = 	 1998,
  volume =	 10,
  number =	 4,
  pages =	 {839--849}
}

@InCollection{tuba00,
  author = 	 {Laurette S. Tuckerman and Dwight Barkley},
  title = 	 {Bifurcation Analysis for Timesteppers},
  booktitle = 	 {Numerical Methods for Bifurcation Problems
                  and Large-Scale Dynamical Systems},
  pages =	 {453--566},
  publisher =	 {Springer},
  year =	 2000,
  editor =	 {E. Doedel and L. S. Tuckerman}
}

@Article{btg00,
  author = 	 {Dwight Barkley and Laurette S. Tuckerman and
                  Martin S. Golubitsky},
  title = 	 {Bifurcation Theory for Three-Dimensional Flow
                  in the Wake of a Circular Cylinder},
  journal = 	 PRE,
  year = 	 2000,
  volume =	 61,
  number =	 5,
  pages =	 {5247--5252}
}

@Article{bartuck99,
  author = 	 {Dwight Barkley and Laurette S. Tuckerman},
  title = 	 {Stability Analysis of Perturbed Place {C}ouette Flow},
  journal = 	 PoF,
  year = 	 1999,
  volume =	 11,
  number =	 5,
  pages =	 {1187--1195}
}

@Article{robv99,
  author = 	 {J. Robichaux and S. Balachandar and S. P. Vanka},
  title = 	 {Three-Dimensional {F}loquet Instability of the Wake
                  of a Square Cylinder},
  journal = 	 PoF,
  year = 	 1999,
  volume =	 11,
  number =	 3,
  pages =	 {560--578}
}

@Article{tay23,
  author = 	 "G. I. Taylor",
  title = 	 "Stability of a Viscous Liquid Contained Between Two
		  Rotating Cylinders",
  journal =	 PTRSA,
  year =	 1923,
  volume =	 223,
  pages =	 "289--343"
}

@Article{albm92,
  author = 	 "Pierre Alba{\`{e}}de and Peter A. Monkewitz",
  title = 	 "A Model for the Formation of Oblique Shedding and
		  ``Chevron'' Patterns in Cylinder Wakes",
  journal =	 PoFA,
  year =	 1992,
  volume =	 4,
  number =	 4,
  pages =	 "744--756"
}

@Article{ap95,
  author = 	 "Pierre Albar{\`{e}}de and Michel Provansal",
  title = 	 "Quasi-Periodic Cylinder Wakes and the
		  {Ginzberg}--{Landau} Model",
  journal =	 JFM,
  year =	 1995,
  volume =	 291,
  pages =	 "191--222"
}

@Article{bah95,
  author = 	 "Dwight Barkley and Ronald D. Henderson",
  title = 	 "Three-Dimensional {Floquet} Stability Analysis of
		  the Wake of a Circular Cylinder",
  journal =	 JFM,
  year =	 1996,
  volume =	 322,
  pages =	 "215--241"
}

@Article{berp93,
  author = 	 "E. Berger and P. Plaschko",
  title = 	 "Hopf Bifurcations and Hystersis in Flow-Induced
		  Vibrations of Cylinders",
  journal =	 JFS,
  year =	 1993,
  volume =	 7,
  pages =	 "849--866"
}

@Article{bg62,
  author = 	 "G. K. Batchelor and A. E. Gill",
  title = 	 "Analysis of the Stability of Axisymmetric Jets",
  journal =	 JFM,
  year =	 1962,
  volume =	 14,
  pages =	 "529--551"
}

@Article{birk53,
  author = 	 "G. Birkhoff",
  title = 	 "Formation of Vortex Streets",
  journal =	 "J\,Appl.\ Phys.",
  year =	 1953,
  volume =	 24,
  number =	 1,
  pages =	 "98--103"
}

@Article{boch93,
  author = 	 "Alexei V. Bocharov",
  title = 	 "Symbolic Solvers for Nonlinear Differential Equations",
  journal =	 "Mathematica J.",
  year =	 1993,
  volume =	 3,
  number =	 2,
  pages =	 "63--69"
}

@Article{btkm97,
  author = 	 {Francine Battaglia and Simon J. Tavener and
                  Anil K. Kulkarni and Charles L. Merkle},
  title = 	 {Bifurcation of Low {Reynolds} Number Flows in
                  Symmetric Channels},
  journal = 	 AIAA,
  year = 	 1997,
  volume =	 35,
  number =	 1,
  pages =	 {99--105}
}

@Article{etfs94,
  author = 	 {W. S. Edwards and L. S. Tuckerman and
                  R. A. Freisner and D. C. Sorensen},
  title = 	 {{Krylov} Methods for the In},
  journal = 	 JCP,
  year = 	 1994,
  volume =	 110,
  pages =	 {82-102}
}

@Article{fmc90,
  author = 	 {R. M. Fearn and T. Mullin and K. A. Cliffe},
  title = 	 {Nonlinear Flow Phenomena in a Symmetric Sudden Expansion},
  journal = 	 JFM,
  year = 	 1990,
  volume =	 211,
  pages =	 {595--608}
}

@Article{hm85,
  author = 	 "P. Huerre and P. A. Monkewitz",
  title = 	 "Absolute and Convective Instabilities in Shear Layers",
  journal =	 JFM,
  year =	 1985,
  volume =	 159,
  pages =	 "151--168"
}

@Article{hm90,
  author = 	 "Partick Huerre and Peter A. Monkewitz",
  title = 	 "Local and Global Instabilities in Spatially
		  Developing Flows",
  journal =	 ARFM,
  year =	 1990,
  volume =	 22,
  pages =	 "473--537"
}

@Article{hogr96,
  author = 	 "A. P. Hooper and R. Grimshaw",
  title = 	 "Two-Dimensional Disturbance Growth of Linearly
		  Stable Viscous Shear Flows",
  journal =	 PoF,
  year =	 1996,
  volume =	 8,
  number =	 6,
  pages =	 "1424--1432"
}

@Article{hol77,
  author = 	 "P. J. Holmes",
  title = 	 "Bifurcations to Divergence and Flutter in
		  Flow-Induced Vibrations: A Finite-Dimensional Analysis",
  journal =	 JSV,
  year =	 1977,
  volume =	 53,
  number =	 4,
  pages =	 "471--503"
}

@InProceedings{huerre87,
  author = 	 "P. Huerre",
  title = 	 "Spatio-Temporal Instablities in Closed and Open Flows",
  editor =	 "E. Tirapegui and D. Villarroel",
  pages =	 "141--177",
  booktitle =	 "Instabilities and Nonequilibrium Structures",
  publisher =	 "Reidel"
}

@Article{imr95,
  author = 	 "M. Imregun",
  title = 	 "Prediction of Flutter Stability Using Aeroelastic
		  Frequency Response Functions",
  journal =	 JFS,
  year =	 1995,
  volume =	 9,
  pages =	 "419--434"
}

@InCollection{jos81,
  author = 	 {D. D. Joseph},
  title = 	 {Hydrodynamic Stability and Bifurcation},
  booktitle = 	 {Hydrodynamic Instabilities and the Transition to Turbulence},
  publisher =	 {Springer},
  year =	 1981,
  editor =	 {H. L. Swinney and J. P. Gollub},
  volume =	 45,
  series =	 {Topics in Applied Physics},
  chapter =	 3,
  pages =	 {25--76}
}

@Article{kne93,
  author = 	 "Micael K{\"{o}}nig and Bernd R. Noack and Helmut Eckelmann",
  title = 	 "Discrete Shedding Modes in the von
		  {K{\'a}}rm{\'{a}}n Vortex Street",
  journal =	 PoFA,
  year =	 5,
  volume =	 7,
  number =	 "1846--1848"
}

@Article{kt92,
  author = 	 "George Em Karniadakis and George S. Triantafyllou",
  title = 	 "Three-Dimensional Dynamics and Transition to
		  Turbulence in the Wake of Bluff Objects",
  journal =	 JFM,
  year =	 1992,
  volume =	 238,
  pages =	 "1--30"
}

@Article{manlun90,
  author = 	 "Nagi N. Mansour and Thomas S. Lundgren",
  title = 	 "Three-Dimensional Instability of Rotating Flows with
		  Oscillating Axial Strain",
  journal =	 PoFA,
  year =	 1990,
  volume =	 2,
  number =	 12,
  pages =	 "2089--2091"
}

@Article{mbs91,
  author = 	 "P. A. Monkewitz and E. Berger and M. Schumm",
  title = 	 "The Nonlinear Stability of Spatially Inhomogeneous
		  Shear Flows, Including the Effect of Feedback",
  journal =	 "Eur.\ J.\,Mech., B/Fluids",
  year =	 1991,
  volume =	 10,
  number =	 2,
  pages =	 "295--300"
}

@Article{mhc93,
  author = 	 "Peter A. Monkewitz and Patrick Huerre and Jean-Marc Chomaz",
  title = 	 "Global Linear Stability Analysis of Weakly
		  Non-Parallel Shear Flows",
  journal =	 JFM,
  year =	 1993,
  volume =	 251,
  pages =	 "1--20"
}

@Article{mon88a,
  author = 	 "Peter A. Monkewitz",
  title = 	 "A Note on Vortex Shedding from Axisymmetric Bluff Bodies",
  journal =	 JFM,
  year =	 1988,
  volume =	 192,
  pages =	 "561--575"
}

@Article{mon88b,
  author = 	 "Peter A. Monkewitz",
  title = 	 "The Absolute and Convective Nature of Instability in
		  Two-Dimensional Wakes at Low {Reynolds} Numbers",
  journal =	 PoF,
  year =	 1988,
  volume =	 31,
  number =	 5,
  pages =	 "999--1006"
}

@Article{mon96,
  author = 	 "Peter A. Monkewitz",
  title = 	 "Modeling of Self-Excited Wake Oscillations by
		  Amplitude Equations",
  journal =	 ETFS,
  year =	 1996,
  volume =	 12,
  pages =	 "175--183"
}

@Article{monn87,
  author = 	 "P. A. Monkewitz and L. N. Nguyen",
  title = 	 "Absolute Instability in the Near-Wake of
		  Two-Dimensional Bluff Bodies",
  journal =	 JFS,
  year =	 1987,
  volume =	 1,
  pages =	 "165--184"
}

@Article{ne94,
  author = 	 "Bernd R. Noack and Helmut Eckelmann",
  title = 	 "A Global Stability Analysis of the Steady and
		  Periodic Cylinder Wake",
  journal =	 JFM,
  year =	 1994,
  volume =	 270,
  pages =	 "297--330"
}

@Article{nke93,
  author = 	 "Bernd R. Noack and Michael K{\"{o}}nig and Helmut
		  Eckelmann",
  title = 	 "Three-Dimensional Stability Analysis of the Periodic
		  Flow Around a Circular Cylinder",
  journal =	 PoFA,
  year =	 1993,
  volume =	 5,
  number =	 6,
  pages =	 "1279--1281"
}

@Article{noe92,
  author = 	 "Bernd R. Noack and Frank Ohle and Helmut Eckelmann",
  title = 	 "Construction and Analysis of Differential Equations
		  from Experimental Time Series of Oscillatory Systems",
  journal =	 "Physica D",
  year =	 1992,
  volume =	 56,
  pages =	 "389--405"
}

@Article{noec92,
  author = 	 "Bernd R. Noack and Helmut Eckelmann",
  title = 	 "On Chaos in Wakes",
  journal =	 PD,
  year =	 1992,
  volume =	 56,
  pages =	 "151--164"
}

@Article{oer90,
  author = 	 "Oertel Jr., H.",
  title = 	 "Wakes Behind Bluff Bodies",
  journal =	 ARFM,
  year =         1990,
  volume =	 22,
  pages =	 "539--564"
}

@Article{op83,
  author = 	 {Steven A. Orszag and Anthony T. Patera},
  title = 	 {Secondary Instability of Wall-Bounded Shear Flows},
  journal = 	 JFM,
  year = 	 1983,
  volume =	 128,
  pages =	 {347--385}
}
@Article{ors71,
  author = 	 "S. A. Orszag",
  title = 	 "Accurate Solution of the {Orr}--{Sommerfeld}
		  Stability Equation",
  journal =	 JFM,
  year =	 1971,
  volume =	 50,
  number =	 4,
  pages =	 "689--703"
}

@Article{orsk80,
  author = 	 "Steven A. Orszag and Lawrence C. Kells",
  title = 	 "Transition to Turbulence in Plane {Poiseuille} and
		  Plane {Couette} Flow",
  journal =	 JFM,
  year =	 1980,
  volume =	 96,
  number =	 1,
  pages =	 "159--205"
}

@TechReport{orsric74,
  author = 	 {S. A. Orszag and R. D. Richtmyer},
  title = 	 {Lectures on Hydrodynamical Stability Theory},
  institution =  {Los Alamos Scientific Laboratory},
  year = 	 1974,
  number =	 {La-UR-74-1912}
}

@Article{pesm93,
  author = 	 "M. Z. Pesenson and P. A. Monkewitz",
  title = 	 "Frequency Selection and Global Instabilities in
		  Three-Dimensional Weakly Nonparallel Flows",
  journal =	 PRL,
  year =	 1993,
  volume =	 70,
  number =	 18,
  pages =	 "2722--2725"
}

@Article{pla96,
  author = 	 "P. Plaschko",
  title = 	 "Heteroclinic Bifurcations in Flow-Induced
		  Oscillations of Cylinders",
  journal =	 JFS,
  year =	 1996,
  volume =	 10,
  pages =	 "33--45"
}

@Article{pmb87,
  author = 	 "M. Provansal and C. Mathis and L. Boyer",
  title = 	 "{B{\'{e}}nard}--von {K{\'{a}}rm{\'{a}}n} Instability:
		  Transient and Forced Regimes",
  journal =	 JFM,
  year =	 1987,
  volume =	 182,
  pages =	 "1--22"
}

@Article{pola95,
  author = 	 "Maxim Poliashenko and Cyrus K. Aidun",
  title = 	 "A Direct Method for Computation of Simple Bifurcations",
  journal =	 JCP,
  year =	 1995,
  volume =	 121,
  pages =	 "246--260"
}

@Article{ragm91,
  author = 	 "Surya Raghu and Peter A. Monkewitz",
  title = 	 "The Bifurcation of a Hot Round Jet to Limit-Cycle
		  Oscillations",
  journal =	 PoFA,
  year =	 1991,
  volume =	 3,
  number =	 4,
  pages =	 "501--503"
}

@Article{redhen93,
  author = 	 "Satish C. Reddy and Dan S. Henningson",
  title = 	 "Energy Growth in Viscous Channel Flows",
  journal =	 JFM,
  year =	 1993,
  volume =	 252,
  pages =	 "209--238"
}

@Article{sbm94,
  author = 	 "Michael Schumm and Eberhard Berger and Peter A. Monkewitz",
  title = 	 "Self-Excited Oscillations in the Wake of
		  Two-Dimensional Bluff Bodies and Their Control",
  journal =	 JFM,
  year =	 1994,
  volume =	 271,
  pages =	 "17--53"
}

@Article{sbs95,
  author = 	 "Michael F. Schatz and Dwight Barkley and Harry L. Swinney",
  title = 	 "Instability in a Spatially Periodic Open Flow",
  journal =	 PoF,
  year =	 1995,
  volume =	 7,
  number =	 2,
  pages =	 "344--358"
}

@Article{shen91,
  author = 	 "Jie Shen",
  title = 	 "Hopf Bifurcation of the Unsteady Regularized Driven
		  Cavity Flow",
  journal =	 JCP,
  year =	 1991,
  volume =	 95,
  pages =	 "228--245"
}

@Article{stu71,
  author = 	 "J. T. Stuart",
  title = 	 "Nonlinear Stability Theory",
  journal =	 ARFM,
  year =	 1971,
  volume =	 3,
  pages =	 "347--370"
}

@Article{ttsd93,
  author = 	 {Lloyd N. Trefethen and Anne E. Trefethen and
                  Satish C. Reddy and Tobin A. Driscoll},
  title = 	 {Hydrodynamic Stability Without Eigenvalues},
  journal = 	 {Science},
  year = 	 1993,
  volume =	 261,
  pages =	 {578--584}
}
@Article{yum90,
  author = 	 "Ming-Huei Yu and Peter A. Monkewitz",
  title = 	 "The Effect of Nonuniform Density on the Absolute
		  Instability of Two-Dimensional Inertial Jets and Wakes",
  journal =	 PoFA,
  year =	 1990,
  volume =	 2,
  number =	 7,
  pages =	 "1175--1181"
}

@Article{yum93,
  author = 	 "Ming-Huei Yu and Peter A. Monkewitz",
  title = 	 "Oscillations in the Near Field of a Heated
		  Two-Dimensional Jet",
  journal =	 JFM,
  year =	 1993,
  volume =	 255,
  pages =	 "323--347"
}

@Article{tata90,
  author = 	 {Tomomasa Tatsumi and Takahiro Yoshimura},
  title = 	 {Stability of the the Laminar Flow in a Rectangular Duct},
  journal = 	 JFM,
  year = 	 1990,
  volume =	 212,
  pages =	 {437--449}
}

@Article{sodr86,
  author = 	 {Ian J. Sobey and Philip G. Drazin},
  title = 	 {Bifurcations of Two-Dimensional Channel Flows},
  journal = 	 JFM,
  year = 	 1986,
  volume =	 171,
  pages =	 {263--287}
}

@Article{tbs02,
  author = 	 {V. Theofilis and D. Barkley and S. Sherwin},
  title = 	 {Spectral/$hp$ Element Technology for Global Flow
                  Instability and Control},
  journal = 	 AJ,
  year = 	 2002,
  pages =	 {619--625},
  month =	 {November}
}


@Article{bgh02,
  author = 	 {D. Barkley and M. G. M. Gomes, and R. D. Henderson},
  title = 	 {Three-Dimensional Instability in Flow Over a 
                  Backward-Facing Step},
  journal = 	 JFM,
  year = 	 2002,
  volume =	 473,
  pages =	 {167--190}
}

@Article{bahu94,
  author = 	 {Peter G. Baines and Humio Mitsudera},
  title = 	 {On the Mechanism of Shear Flow Instabilities},
  journal = 	 JFM,
  year = 	 1994,
  volume =	 276,
  pages =	 {327--342}
}

@Article{bmm96,
  author = 	 {Peter G. Baines and Sharan J. Majumdar and Humio Mitsudera},
  title = 	 {The Mechanics of the {Tollmein}--{Schlichting} Wave},
  journal = 	 JFM,
  year = 	 1996,
  volume =	 312,
  pages =	 {107--124}
}

@Article{skh03,
  author = 	 {P. N. Shankar and R. Kidambi and J. Hariharan},
  title = 	 {Oscillatory Eddy Structure in a Container},
  journal = 	 JFM,
  year = 	 2003,
  volume =	 494,
  pages =	 {163--185}
}

@Article{vhl03,
  author =   {Vogel, M. J. and Hirsa, A. H. and Lopez, J. M.},
  title =    {Spatio-Temporal Dynamics of a Periodically Driven Cavity Flow},
  journal =  JFM,
  year =     2003,
  volume =   478,
  pages =    {197--226}
}

@Article{namtt03,
  author = 	 {Bernd R. Noack and Konstantin Afanasiev and Marek Morzynski
                  and Gilead Tadmor and Frank Thiele},
  title = 	 {A Hierarchy of Low-Dimensional Models for the Transient
                  and Post-Transient Cylinder Wake},
  journal = 	 JFM,
  year = 	 2003,
  volume =	 497,
  pages =	 {335--363}
}

@Article{jest94,
  author = 	 {S. Jendoubi and P. J. Strykowski},
  title = 	 {Absolute and Convective Instability of Axisymmetric Jets
                  with External Flow},
  journal = 	 PoF,
  year = 	 1994,
  volume =	 6,
  number =	 9,
  pages =	 {3000--3009}
}

@Article{sgm02,
  author = 	 {A. Sevilla and J. M. Gordillo and 
                  C. Mart{\'{i}}nez-Baz{\'{a}}n},
  title = 	 {The Effect of Diameter Ratio on the Absolute and 
                  Convective Instability of Free Coflowing Jets},
  journal = 	 PoF,
  year = 	 2002,
  volume =	 14,
  number =	 9,
  pages =	 {3028--3038}
}

@Article{lsg95,
  author = 	 {Jun Liu and J. B. Schneider and J. P. Gollub},
  title = 	 {Three-Dimensional Instabilities of Film Flows},
  journal = 	 PF,
  year = 	 1995,
  volume =	 7,
  number =	 1,
  pages =	 {55--67}
}

@Article{brch97,
  author = 	 {P. Brancher and J. M. Chomaz},
  title = 	 {Absolute and Convective Secondary Instabilities in
                  Spatially Periodic Shear Flows},
  journal = 	 PRL,
  year = 	 1997,
  volume =	 78,
  number =	 4,
  pages =	 {658--661}
}

@Article{koch5,
  author = 	 {W. Koch},
  title = 	 {Local Instability Characteristics and Frequency
                  Determination of Self-Excited Wake Flows},
  journal = 	 JSV,
  year = 	 1985,
  volume =	 99,
  number =	 1,
  pages =	 {53--83}
}

@Article{demir00,
  author = 	 {A. Demir},
  title = 	 {Floquet Theory and Non-linear Perturbation Analysis
                  for Oscillators with Differential-Algebraic Equations},
  journal = 	 {Int.\ J. Circ.\ Theor.\ Appl.},
  year = 	 2000,
  volume =	 28,
  pages =	 {163--185}
}

@InCollection{bers74,
  author = 	 {Abraham Bers},
  title = 	 {Linear Waves and Instabilities},
  booktitle = 	 {Plasma Physics},
  pages =	 {117--215},
  publisher =	 {Gordon and Breach},
  year =	 1974,
  editor =	 {C. Dewitt and J. Peyraud}
}

@InCollection{tref99,
  author = 	 {Lloyd N. Trefethen},
  title = 	 {Spectra and Pseudospectra: The Behaviour of Non-Normal
                  Matrices and Operators},
  booktitle = 	 {The Graduate Student's Guide to Numerical Analysis '98},
  pages =	 {217--250},
  publisher =	 {Springer},
  year =	 1999,
  editor =	 {M. Ainsworth and J. Levesley and M. Marletta},
  volume =	 26,
  series =	 {Computational Mathematics}
}

@Article{tbb76,
  author = 	 {T. Brooke Benjamin},
  title = 	 {Applications of {Leray}--{Schauder} Degree Theory
                  to Problems of Hydrodynamic Stability},
  journal = 	 MPCPS,
  year = 	 1976,
  volume =	 79,
  pages =	 {373--392}
}

@Article{tbb78a,
  author = 	 {T. Brooke Benjamin},
  title = 	 {Bifurcation Phenomena in Steady Flows of a Viscous Fluid
                  {I.} {Theory}},
  journal = 	 PRSLA,
  year = 	 1978,
  volume =	 359,
  pages =	 {1--26}
}

@Article{tbb78b,
  author = 	 {T. Brooke Benjamin},
  title = 	 {Bifurcation Phenomena in Steady Flows of a Viscous Fluid
                  {II.} {Experiments}},
  journal = 	 PRSLA,
  year = 	 1978,
  volume =	 359,
  pages =	 {27--43}
}

@Article{ebv91,
  author = 	 {W. S. Edwards and S. R. Beane and S. Varma},
  title = 	 {Onset of Wavy Vortices in the Finite-Length
                  {Couette}--{Taylor} Problem},
  journal = 	 PoFA,
  year = 	 1991,
  volume =	 3,
  number =	 6,
  pages =	 {1510--1518}
}

@InCollection{goya86,
  author = 	 {K. Gotoh and M. Yamada},
  title = 	 {Stability of Spatially Periodic Flows},
  booktitle = 	 {Encyclopedia of Fluid Mechanics},
  pages =	 {589--610},
  publisher =	 {Gulf Publishers},
  year =	 1986,
  editor =	 {N. P. Cheremisinoff},
  volume =	 1,
  chapter =	 19
}

@Article{brbr96,
  author = 	 {Leonid Brevdo and Thomas J. Bridges},
  title = 	 {Absolute and Convective Instabilities of 
                  Spatially Periodic Flows},
  journal = 	 PTRSLA,
  year = 	 1996,
  volume =	 354,
  number =	 1710,
  pages =	 {1027--1064}
}

@Article{hall03,
  author = 	 {Philip Hall},
  title = 	 {On the Instability of {Stokes} Layers
                  at High {Reynolds} Numbers},
  journal = 	 JFM,
  year = 	 2003,
  volume =	 482,
  pages =	 {1-15}
}

@Article{tude04,
  author = 	 {C. Tu and M. O. Deville},
  title = 	 {Stability of Pulsatile and Oscillatory Flows in a 
                  Circular Pipe by a Legendre Spectral Method},
  journal = 	 JFM,
  year = 	 2004,
  note =	 {submitted}
}

@Article{ltksg88,
  author = 	 {W. F. Langford and R. Tagg and E. J. Kostelich
                  and H. L. Swinney and M. Golubitsky},
  title = 	 {Primary Instabilities and Bicriticality in Flow
                  Between Counter-Rotating Cylinders},
  journal = 	 PF,
  year = 	 1988,
  volume =	 31,
  number =	 4,
  pages =	 {776--785}
}

@Article{taylor50,
  author = 	 {G. I. Taylor},
  title = 	 {The Instability of Liquid Surfaces When Accelerated in 
                  a Direction Perpendicular to Their Planes. 1},
  journal = 	 PTRSLA,
  year = 	 1950,
  pages =	 {192--196}
}

@Article{mohu82,
  author = 	 {P. A. Monkewitz and P. Huerre},
  title = 	 {Influence of the Velocity Ratio on the Spatial
                  Instability of Mixing Layers},
  journal = 	 PF,
  year = 	 1982,
  volume =	 25,
  number =	 7,
  pages =	 {1137--1143}
}

@InCollection{huro98,
  author = 	 {P. Huerre and M. Rossi},
  title = 	 {Hydrodynamic Instabilities in Open Flows},
  booktitle = 	 {Hydrodynamics and Nonlinear Instabilities},
  pages =	 {81--294},
  publisher =	 CUP,
  year =	 1998,
  editor =	 {C. Godr{\`{e}}che and P. Manneville}
}

@Article{jest94,
  author = 	 {S. Jendoubi and P. J. Strykowski},
  title = 	 {Absolute and Convective Instability of Axisymmetric Jets
                  with External Flow},
  journal = 	 PF,
  year = 	 1994,
  volume =	 6,
  number =	 9,
  pages =	 {3000--3009}
}

@Article{moso88,
  author = 	 {P. A. Monkewitz and K. D. Sohn},
  title = 	 {Absolute Instability in Hot Jets},
  journal = 	 AIAAJ,
  year = 	 1988,
  volume =	 26,
  number =	 8,
  pages =	 {911--916}
}

@InCollection{keller76,
  author = 	 {H. B. Keller},
  title = 	 {Numerical Solution of Bifurcation and
                  Nonlinear Eigenvalue Problems},
  booktitle = 	 {Applications of Bifurcation Theory},
  pages =	 {359--384},
  publisher =	 {Academic Press},
  year =	 1976,
  editor =	 {P. H. Rabinowitz}
}


@Article{ruelle73,
  author = 	 {David Ruelle},
  title = 	 {Bifurcations in the Presence of a Symmetry Group},
  journal = 	 {Arch.\ Rat.\ Mech.\ An.},
  year = 	 1973,
  volume =	 51,
  pages =	 {136--152}
}

@InCollection{kno94,
  author = 	 {E. Knobloch},
  title = 	 {Bifurcations in Rotating Systems},
  booktitle = 	 {Lectures in Solar and Planetary Dynamos},
  pages =	 {331--372},
  publisher =	 {Cambridge University Press},
  year =	 1994,
  editor =	 {M. R. E. Proctor \& A. D. Gilbert}
}

@Article{rand82,
  author = 	 {David Rand},
  title = 	 {Dynamics and Symmetry.  {Predictions} for Modulated Waves
                  in Rotating Flows},
  journal = 	 {Arch.\ Rat.\ Mech.\ Anal.},
  year = 	 1982,
  volume =	 79,
  pages =	 {1--38}
}
