% $Id$
%%%%%%%%%%%%%%%%%%%%%%%%%%%%%%%%%%%%%%%%%%%%%%%%%%%%%%%%%%%%%%%%%%%%%%%%%%%%%%%

@Article{glf02,
  author = 	 {Baoyu Guo and Tim A. G. Langrish and David F. Fletcher},
  title = 	 {{CFD} Simulation of Precession in Sudden Pipe Expansion
                  Flows with Low Inlet Swirl},
  journal = 	 AMM,
  year = 	 2002,
  volume =	 26,
  pages =	 {1--15}
}

@Article{glf01b,
  author = 	 {Baoyu Guo and Tim A. G. Langrish and David F. Fletcher},
  title = 	 {Numerical Simulation of Unsteady Turbulent Flow in
                  Axisymmetric Sudden Expansions},
  journal = 	 JFE,
  year = 	 2001,
  volume =	 123,
  pages =	 {574--587}
}

@Article{glf0a1,
  author = 	 {Baoyu Guo and Tim A. G. Langrish and David F. Fletcher},
  title = 	 {Simulation of Turbulent Swirl Flow in an
                  Axisymmetric Sudden Expansion},
  journal = 	 AIAA,
  year = 	 2001,
  volume =	 39,
  number =	 1,
  pages =	 {96--102}
}

@Article{dritschel02,
  author = 	 {David G. Dritschel},
  title = 	 {Vortex Merger in Rotating Stratified Flows},
  journal = 	 JFM,
  year = 	 2002,
  volume =	 455,
  pages =	 {83--101}
}

@Article{voec02,
  author = 	 {Peter Vorobieff and Robert E. Ecke},
  title = 	 {Turbulent Rotating Convection: An Experimental Study},
  journal = 	 JFM,
  year = 	 2002,
  volume =	 458,
  pages =	 {191--218}
}

@Article{sebo02,
  author = 	 {E. Serre and P. Bontoux},
  title = 	 {Vortex Breakdown in an Three-Dimensional Swirling Flow},
  journal = 	 JFM,
  year = 	 2002,
  volume =	 459,
  pages =	 {347--370}
}

@Article{lhmks01,
  author = 	 {J. M. Lopez and J. E. Hart and F. Marques and
                  S. Kittelman and J. Shen},
  title = 	 {Instability and Mode Interactions in a 
                  Differentially-Driven Rotating Cylinder},
  journal = 	 JFM,
  year = 	 2001,
  note =	 {Submitted}
}

@Article{bhl00,
  author = 	 {N. Brummel and J. E. Hart and J. M. Lopez},
  title = 	 {On the Flow Induced by Centrifugal Buoyancy in a
                  Differentially-Heated Rotating Cylinder},
  journal = 	 TCFD,
  year = 	 2000,
  volume =	 14,
  pages =	 {39--54}
}

@Article{plld00,
  author = 	 {J. Pruvost and J. Legrand and P. Legentilhomme
                  and L. Doubliez},
  title = 	 {Particle Image Velocimetry Investigation of the Flow-Field
                  of a {3D} Turbulent Swirling Decaying Flow Induced
                  by Means of a Tangential Jet},
  journal = 	 EF,
  year = 	 2000,
  volume =	 29,
  pages =	 {291--301}
}

@Article{loma00,
  author = 	 {J. M. Lopez and F. Marques},
  title = 	 {Dynamics of Three-Tori in a Periodically Forced 
                  {Navier}--{Stokes} Flow},
  journal = 	 PRL,
  year = 	 2000,
  volume =	 85,
  number =	 5,
  pages =	 {972--975}
}

@Article{ling95,
  author = 	 {R. J. Lingwood},
  title = 	 {Absolute Instability of the Boundary Layer
                  on a Rotating Disk},
  journal = 	 JFM,
  year = 	 1995,
  volume =	 299,
  pages =	 {17--33}
}

@Article{ling96,
  author = 	 {R. J. Lingwood},
  title = 	 {An Experimental Study of Absolute Instability of the
                  Rotating-Disk Boundary-Layer Flow},
  journal = 	 JFM,
  year = 	 1996,
  volume =	 314,
  pages =	 {373--405}
}

@Article{ggr99,
  author = 	 {G. Gauthier and P. Gondret and M. Rabaud},
  title = 	 {Axisymmetric Propagating Vortices in Flow Between a
                  Stationary and a Rotating Disk Enclosed by a Cylinder},
  journal = 	 JFM,
  year = 	 1999,
  volume =	 386,
  pages =	 {105--126}
}

@Article{sglb01a,
  author = 	 {Jason R. Stokes and Lachlan J. W. Graham and
                  Nick J. Lawson and David V. Boger},
  title = 	 {Swirling Flow of Viscoelastic Fluids.
                  {Part 1.} {Interaction} Between Inertia and Elasticity},
  journal = 	 JFM,
  year = 	 2001,
  volume =	 429,
  pages =	 {67--115}
}

@Article{bcln00,
  author = 	 {K. Bergeron and E. A. Coutsias and
                  J. P. Lynov and A. H. Nielsen},
  title = 	 {Dynamical Properties of Forced Shear Layers
                  in an Annular Goemetry},
  journal = 	 JFM,
  year = 	 2000,
  volume =	 402,
  pages =	 {255--289}
}

@Article{sove01,
  author = 	 {Fotis Sotiropoulos and Yiannis Ventikos},
  title = 	 {The Three-Dimensional Structure of Confined Swirling Flows
                  with Vortex Breakdown},
  journal = 	 JFM,
  year = 	 2001,
  volume =	 426,
  pages =	 {155--175}
}

@Article{ml00,
  author = 	 {F. Marques and J. M. Lopez},
  title = 	 {Precessing Vortex Breakdown Mode
                  in an Enclosed Cylinder Flow},
  journal = 	 PoF,
  year = 	 2001,
  volume =       13,
  number =       6,
  pages =        {1679--1682}
}

@Article{lms00,
  author = 	 {J. M. Lopez and F. Marques and J. Sanchez},
  title = 	 {Oscillatory Modes in an Enclosed Swirling Flow},
  journal = 	 JFM,
  year = 	 2000,
  note =	 {Submitted}
}

@Article{mls02,
  author = 	 {F. Marques and J. M. Lopez and J. Shen},
  title = 	 {Mode Interactions in an Enlcosed Swirling Flow: {A} Double 
                  {Hopf} Bifurcation Between Azimuthal Wavenumbers 0 and 2.},
  journal = 	 JFM,
  year = 	 2002,
  volume =       455,
  pages =        {263--281}
}

@Article{sys00,
  author = 	 {C. G. Speziale and B. A. Young and S. A. Berger},
  title = 	 {Analysis and Modelling of Turbulent Flow in an Axially
                  Rotating Pipe},
  journal = 	 JFM,
  year = 	 2000,
  volume =	 407,
  pages =	 {1--26}
}

@Article{iih96,
  author = 	 {Shigeki Imao and Motoyuki Itoh and Takeyoshi Harada},
  title = 	 {Turbulent Charactersitics of the Flow in an
                  Axially Rotating Pipe},
  journal = 	 IJHFF,
  year = 	 1996,
  volume =	 17,
  pages =	 {444--451}
}

@Article{haki96,
  author = 	 {John E. Hart and Scott Kittelman},
  title = 	 {Instabilities of the Sidewall Boundary Layer in a
                  Differentially Driven Rotating Cylinder},
  journal = 	 PoF,
  year = 	 1996,
  volume =	 8,
  number =	 3,
  pages =	 {692--696}
}

@Article{lopez98,
  author = 	 {J. M. Lopez},
  title = 	 {Characteristics of Endwall and Sidewall Boundary Layers
                  in a Rotating Cylinder
                  with a Differentially Rotating Endwall},
  journal = 	 JFM,
  year = 	 1998,
  volume =	 359,
  pages =	 {49--79}
}

@Article{LuAb87,
  author = 	 {H. Lugt and M. Abboud},
  title = 	 {Axisymmetric Vortex Breakdown With and Without Temperature
                  Effects in a Container with a Rotating Lid},
  journal = 	 JFM,
  year = 	 1987,
  volume =	 179,
  pages =	 {179--200}
}

@Article{Tsi93,
  author = 	 {N. Tsitverblit},
  title = 	 {Vortex Breakdown in a Cylindrical Container in the Light of
                  Continuation of a Steady Solution},
  journal = 	 {Fluid Dyn.\ Res.},
  year = 	 1993,
  volume =	 11,
  pages =	 {19--35}
}

@Article{be95,
  author = 	 "S. A. Berger and G. Erlebacher",
  title = 	 "Vortex Breakdown Incipience: Theoretical Considerations",
  journal =	 PoF,
  year =	 1995,
  volume =	 7,
  number =	 5,
  pages =	 "972--982"
}

@Article{bean97,
  author = 	 {Knut H. Bech and Helge I. Andersson},
  title = 	 {Turbulent Plane {Couette} Flow Subject to Strong System
                  Rotation},
  journal = 	 JFM,
  year = 	 1997,
  volume =	 347,
  pages =	 {289--314}
}

@Article{brad69,
  author = 	 "P. Bradshaw",
  title = 	 "The Analogy Between Streamline Curvature and
		  Buoyancy in Turbulent Shear Flow",
  journal =	 JFM,
  year =	 1969,
  volume =	 36,
  number =	 1,
  pages =	 "177--191"
}

@Article{brolo90,
  author = 	 {G. L. Brown and J. M. Lopez},
  title = 	 {Axisymmetric Vortex Breakdown.
                  {Part}~2. {Physical} Mechanisms},
  journal = 	 JFM,
  year = 	 1990,
  volume =	 221,
  pages =	 {553--576}
}

@Article{brs92,
  author = 	 "G. B{\"{o}}hme and L. Rubart and M. Stenger",
  title = 	 "Vortex Breakdown in Shear-Thinning Liquids:
		  Experiment and Numerical Simulation",
  journal =	 JNNFM,
  year =	 1992,
  volume =	 45,
  pages =	 "1--20"
}

@Article{bvs99,
  author = 	 {Morten Br{\o}ns and Lars K{\o}llgaard Voigt
                 and Jens N{\o}rk{\ae}r S{\o}rensen},
  title = 	 {Streamline Topology of Steady Axisymmetric Vortex
                  Breakdown in a Cylinder with Co- and Counter-Rotating
                  End-covers},
  journal = 	 JFM,
  year = 	 1999,
  volume =	 401,
  pages =	 {275--292}
}

@Article{esc84,
  author = 	 "M. P. Escudier",
  title = 	 "Observations of the Flow Produced in a Cylindrical
		  Container by a Rotating Endwall",
  journal =	 EF,
  year =	 1984,
  volume =	 2,
  pages =	 "189--196"
}

@Article{esc87,
  author = 	 {Marcel Escudier},
  title = 	 {Confined Vortices in Flow Machinery},
  journal = 	 ARFM,
  year = 	 1987,
  volume =	 19,
  pages =	 {27--52}
}

@Article{esc88,
  author = 	 "Marcel Escudier",
  title = 	 "Vortex Breakdowns: Observations and Explanations",
  journal =	 PAS,
  year =	 1988,
  volume =	 25,
  pages =	 "189--229"
}

@Article{gbys96,
  author = 	 {A. Yu. Gelfgat and P. Z. Bar-Yoeseph and A. Solan},
  title = 	 {Stability of Confined Swirling Flow With and Without
                  Vortex Breakdown},
  journal = 	 JFM,
  year = 	 1996,
  volume =	 311,
  pages =	 {1-36}
}

@Article{gbys01,
  author = 	 {A. Yu. Gelfgat and P. Z. Bar-Yoseph and A. Solan},
  title = 	 {Three-Dimensional Instability of Axisymmetric Flow
                  in a Rotating Lid--Cylinder Enclosure},
  journal = 	 JFM,
  year = 	 2001,
  volume =       438,
  pages =        {363}
}

@Article{hgt95,
  author = 	 {K. Hourigan and L. J. W. Graham and M. C. Thompson},
  title = 	 {Spiral Streaklines in Pre-Vortex Breakdown Regions
                  of Axisymmetric Swirling Flows},
  journal = 	 PoF,
  year = 	 1995,
  volume =	 7,
  pages =	 {3126--3128}
}

@Article{hll99,
  author = 	 {F. Holz{\"{a}}pfel and B. Lenze and W. Leuckel},
  title = 	 {Quintuple Hot-Wire Measurements of the Turbulence Structure
                  in Confined Swirling Flows},
  journal = 	 JFE,
  year = 	 1999,
  volume =	 121,
  pages =	 {517--525}
}

@PhdThesis{holz96,
  author = 	 {Frank Holz{\"{a}}pfel},
  title = 	 {Zur Turbulenzstruktur Freier Und Eingeschlossener
                  Drehstr{\"{o}}mungen},
  school = 	 {Universit{"{a}}t Fridericana Karlsruhe},
  year = 	 1996
}

@Article{leib83,
  author = 	 {Sidney Leibovich},
  title = 	 {Vortex Stability and Breakdown: Survey and Extension},
  journal = 	 AIAA,
  year = 	 1983,
  volume =	 22,
  number =	 9,
  pages =	 {1192--1206}
}

@Article{lop90,
  author = 	 "J. M. Lopez",
  title = 	 "Axisymmetric Vortex Breakdown {Part}~1. Confined
		  Swirling Flow",
  journal =	 JFM,
  year =	 1990,
  volume =	 221,
  pages =	 "533--552"
}

@Article{lopp92,
  author = 	 "J. M. Lopez and A. D. Perry",
  title = 	 "Axisymmetric Vortex Breakdown. {Part}~3. {Onset} of
		  Periodic Flow and Chaotic Advection",
  journal =	 JFM,
  year =	 1992,
  volume =	 234,
  pages =	 "449--471"
}

@Article{nei88,
  author = 	 "G. P. Neitzel",
  title = 	 "Streak-line Motion During Unsteady and Unsteady
		  Axisymmetric Vortex Breakdown",
  journal =	 PoF,
  year =	 1988,
  volume =	 31,
  number =	 5,
  pages =	 "958--960"
}

@Article{parm96,
  author = 	 {J. Parker and P. Merati},
  title = 	 {An Investigation of Turbulent {Taylor}--{Couette} Flow
                  Using Laser {Doppler} Velocimetry in a
                  Refractive Index Matched Facility},
  journal = 	 JFE,
  year = 	 1996,
  volume =	 118,
  pages =	 {810--818}
}

@Article{peso99,
  author = 	 {J. C. F. Pereira and J. M. M. Sousa},
  title = 	 {Confined Vortex Breakdown Generated by a Rotating Cone},
  journal = 	 JFM,
  year = 	 1999,
  volume =	 385,
  pages =	 {287--323}
}

@Article{saca97,
  author = 	 {A. Salhi and C. Cambon},
  title = 	 {An Analysis of Rotating Shear Flow Using Linear Theory
                  and {DNS} and {LES} Results},
  journal = 	 JFM,
  year = 	 1997,
  volume =	 347,
  pages =	 {1171--195}
}

@Article{sc95,
  author = 	 "Jens N{\o}rk{\ae}r S{\o}rensen and Erik Adler Christensen",
  title = 	 "Direct Numerical Simulation of Rotating Fluid Flow
		  in a Closed Cylinder",
  journal =	 PoF,
  year =	 1995,
  volume =	 7,
  number =	 4,
  pages =	 "764--778"
}

@Article{shthu99,
  author = 	 {Vladimir Shtern and Fazle Hussain},
  title = 	 {Collapse, Symmetry Breaking, and Hystersis
                  in Swirling Flows},
  journal = 	 ARFM,
  year = 	 1999,
  volume =	 31,
  pages =	 {537--66}
}

@Article{slc99,
  author = 	 {J. L. Stevens and J. M. Lopez and B. J. Cantwell},
  title = 	 {Oscillatory Flow States in an Enclosed Cylinder
                  with a Rotating Endwall},
  journal = 	 JFM,
  year = 	 1999,
  volume =	 389,
  pages =	 {101--118}
}

@Article{smh93,
  author = 	 {A. Spohn and M. Mory and E. J. Hopfinger},
  title = 	 {Observations of Vortex Breakdown in an Open Cylindrical
                  Container with a Rotating Bottom},
  journal = 	 EF,
  year = 	 1993,
  volume =	 14,
  pages =	 {70--77}
}

@Article{smh93,
  author = 	 "A. Spohn and M. Mory and E. J. Hopfinger",
  title = 	 "Observations of Vortex Breakdown in an Open
		  Cylindrical Container with a Rotating Bottom",
  journal =	 EF,
  year =	 1993,
  volume =	 14,
  pages =	 "70--77"
}

@Article{smh98,
  author = 	 {A. Spohn and M. Mory and E. J. Hopfinger},
  title = 	 {Experiments on Vortex Breakdown in a Confined Flow
                  Generated by a Rotating Disk},
  journal = 	 JFM,
  year = 	 1998,
  volume =	 370,
  pages =	 {73--99}
}

@Article{soch95,
  author = 	 {Jens N{\o}rk{\ae}r S{\o}rensen and Erik Adler Christensen},
  title = 	 {Direct Numerical Simulation of Rotating Fluid Flow
                  in a Closed Cylinder},
  journal = 	 PoF,
  year = 	 1995,
  volume =	 7,
  number =	 4,
  pages =	 {764--778}
}

@Article{sove98,
  author = 	 {F. Sotiropoulos and Y. Ventikov},
  title = 	 {Transition from Bubble-Type Vortex Breakdown to Columnar
                  Vortex in a Confined Swirling Flow},
  journal = 	 IJHFF,
  year = 	 1998,
  volume =	 19,
  pages =	 {446--458}
}

@TechReport{vog68,
  author = 	 {H. U. Vogel},
  title = 	 {Experimentelle {E}rgebnisse {\"u}ber die laminare
                 {S}tr{\"o}mung in einem zylindrischen {G}eh{\"a}use mit 
                 darin rotierender {S}cheibe},
  institution =  {Max-Planck-Inst.},
  year = 	 1968,
  number =	 6
}

@Article{hlm02,
  author = 	 {A. H. Hirsa and J. M. Lopez and R. Miraghie},
  title = 	 {Symmetry Breaking to a Rotating Wave in a Lid-Driven
                  Cylinder with a Free Surface: {Experimental} Observation},
  journal = 	 PoF,
  year = 	 2002,
  volume =	 14,
  number =	 6,
  pages =	 {L29--L32}
}

@Article{kys89,
  author = 	 {The Law of the Wall for Swirling Flow in Annular Ducts},
  title = 	 {R. J. Kind and F. M. Yowakim and S. A. Sjolander},
  journal = 	 JFE,
  year = 	 1989,
  volume =	 111,
  pages =	 {160--164}
}

@Article{lr84,
  author = 	 {M. A. Leschziner and W. Rodi},
  title = 	 {Computation of Strongly Swirling Axisymmetric Free Jets},
  journal = 	 AIAA,
  year = 	 1984,
  volume =	 22,
  number =	 12,
  pages =	 {1742--1747}
}

@Article{dav95,
  author = 	 {Malcolm R. Davidson},
  title = 	 {An Adaptive Method of Predicting the Air Core Diameter
                  for Numerical Models of Hydrocyclone Flow},
  journal = 	 {Int.\ J. Min.\ Proc.},
  year = 	 1995,
  volume =	 43,
  pages =	 {167--177}
}

@Article{eske85,
  author = 	 {M. P. Escudier and J. J. Keller},
  title = 	 {Recirculation in Swirling Flow: 
                  A Manifestation of Vortex Breakdown},
  journal = 	 AIAA,
  year = 	 1985,
  volume =	 23,
  number =	 1,
  pages =	 {111--116}
}

@Article{bb62,
  author = 	 {T. Brooke Benjamin},
  title = 	 {Theory of the Vortex Breakdown Phenomenon},
  journal = 	 JFM,
  year = 	 1962,
  volume =	 14,
  pages =	 {593--629}
}

@Article{loti01,
  author = 	 {S. Lorenzani and A. Tilgner},
  title = 	 {Fluid Instabilities in Precessing Spheroidal Cavities},
  journal = 	 JFM,
  year = 	 2001,
  volume =	 447,
  pages =	 {111-128}
}

@Article{faec00,
  author = 	 {Holger Faisst and Bruno Eckhardt},
  title = 	 {Transition from the {Couette}--{Taylor} System to the
                  Plane {Couette} System},
  journal = 	 PRE,
  year = 	 2000,
  volume =	 61,
  number =	 6,
  pages =	 {7227--7230}
}

@Article{lmhm04,
  author = 	 {J. M. Lopez and F. Marques and A. H. Hirsa and R. Miraghaie},
  title = 	 {Symmetry Breaking in Free-Surface Cylinder Flows},
  journal = 	 JFM,
  year = 	 2004,
  volume =	 502,
  pages =	 {99--126}
}

@Article{nok05,
  author = 	 {M. N. Noui-Mehidi and N. Ohmura and K. Kataoka},
  title = 	 {Dynamics of the Helical Flow Between Rotating
                  Conical Cylinders},
  journal = 	 JFS,
  year = 	 2005,
  volume =	 20,
  pages =	 {331-344}
}

@Article{mnnm05,
  author = 	 {M. N. Noui-Mehidi},
  title = 	 {Effect of Acceleration on Transition Properties in a 
                  Conical Cylinder System},
  journal = 	 ETFS,
  year = 	 2005,
  volume =	 29,
  pages =	 {447--456}
}

@Article{batu05,
  author = 	 {Dwight Barkley and Laurette Tuckerman},
  title = 	 {Computational Study of Turbulent Laminar Patterns in
                  {Couette} Flow},
  journal = 	 PRL,
  year = 	 2005,
  volume =	 94,
  pages =	 {014502-1--4}
}

@Article{almp05,
  author = 	 {Abs... Lopez Marques and Pfister},
  title = 	 {Symmetry Breaking Via Global Bifurcations of Modulated 
                  Rotating Waves in Hydrodynamics},
  journal = 	 PRL,
  year = 	 2005,
  volume =	 94,
  pages =	 {074501-1--4}
}

@Article{wvb90,
  author = 	 {R. Weber and B. M. Visser and F. Boysan},
  title = 	 {Assessment of Turbulence Modeling for Engineering
                  Prediction of Swirling Vortices in the Near Burner Zone},
  journal = 	 IJHFF,
  year = 	 1990,
  volume =	 11,
  number =	 3,
  pages =	 {225--235}
}

@InProceedings{wbsr86,
  author = 	 {R. Weber and F. Boysan and J. Swithenbank and P. A. Roberts},
  title = 	 {Computations of Near Field Aerodynamics of Swirling
                  Expanding Flows},
  booktitle =	 {21st Symp.\ Combust.},
  pages =	 {1435--43},
  year =	 1986,
  organization = {The Combustion Institute}
}

@Article{nntdt04,
  author = 	 {C. Nore and M. Tartar and O. Daube and L. S. Tuckerman},
  title = 	 {Survey of Instability Thresholds of Flows Between 
                  Exactly Counter-Rotating Disks},
  journal = 	 JFM,
  year = 	 2004,
  volume =	 511,
  pages =	 {45--65}
}

@Article{brb00,
  author = 	 {F. Battaglia and R. G. Rehm and H. R. Baum},
  title = 	 {The fluid mechanics of fire whirls: An inviscid model},
  journal = 	 PF,
  year = 	 2000,
  volume = 	 12,
  number = 	 11,
  pages = 	 {2859--2867}}


@InProceedings{morton69,
  author = 	 {B. R. Morton},
  title = 	 {The physics of fire whirls},
  booktitle =    {Mass Fire Symposium},
  pages = 	 {1--34},
  year = 	 1969,
  address = 	 {Canberra},
  note = 	 {Paper B1}}

@Article{cghl05,
  author = 	 {P. Cunningham and S. L. Goodrick and 
                  M. Y. Hussaini and R. R. Linn},
  title = 	 {Coherent vortical structure in numerical simulations of
                  buoyant plumes from wildland fires},
  journal = 	 IJWF,
  year = 	 2005,
  volume = 	 14,
  pages = 	 {61--75}}

@Article{cbgb70,
  author = 	 {N. A. Chigier and J. M. Be{\'{e}}r and
                  D. Grekov and K. Bassindale},
  title = 	 {Jet flames in rotating flow fields},
  journal = 	 CAF,
  year = 	 1970,
  volume = 	 14,
  pages = 	 {171--180}}

