% $Id$
%%%%%%%%%%%%%%%%%%%%%%%%%%%%%%%%%%%%%%%%%%%%%%%%%%%%%%%%%%%%%%%%%%%%%%%%%%%%%%

@Article{welu99,
  author = 	 {Steven T. Wereley and Richard M. Lueptow},
  title = 	 {Velocity Field for {Taylor}--{Couette} Flow
                  with an Axial Flow},
  journal = 	 JFM,
  year = 	 1999,
  volume =	 11,
  number =	 12,
  pages =	 {3637--3649}
}

@Article{gsbf94,
  author = 	 {U. Gerdts and J. von Stamm and Th. Buzug and G. Pfister},
  title = 	 {Axisymmetric Time-Dependent Flow
                  in the {Taylor}--{Couette} Sysyem},
  journal = 	 PRE,
  year = 	 1994,
  volume =	 49,
  number =	 5,
  pages =	 {4019--4026}
}

@Article{sgbf96,
  author = 	 {J. von Stamm and U. Gerdts and Th. Buzug and G. Pfister},
  title = 	 {Symmetry Breaking and Period Doubling on a Torus
                  in the {VLF} Regime in {Taylor}--{Couette} Flow},
  journal = 	 PRE,
  year = 	 1996,
  volume =	 54,
  number =	 5,
  pages =	 {4938--4957}
}

@Article{gosw82,
  author = 	 {M. Gorman and Harry L. Swinney},
  title = 	 {Spatial and Temporal Characteristics of Modulated Waves
                  in the Circular {Couette} System},
  journal = 	 JFM,
  year = 	 1982,
  volume =	 117,
  pages =	 {123--142}
}

@Article{fsg79,
  author = 	 {P. R. Fenstermacher and Harry L. Swinney and J. P. Gollub},
  title = 	 {Dynamical Instabilities and the Transition to
                  Chaotic {Taylor} Vortex Flow},
  journal = 	 JFM,
  year = 	 1979,
  volume =	 94,
  number =	 1,
  pages =	 {103--128}
}

@Article{coma92a,
  author = 	 {K. T. Coughlin and P. S. Marcus},
  title = 	 {Modulated Waves in {Taylor}--{Couette} Flow:
                  {Part} 1. {Analysis}},
  journal = 	 JFM,
  year = 	 1992,
  volume =	 234,
  pages =	 {1--18}
}

@Article{coma92b,
  author = 	 {K. T. Coughlin and P. S. Marcus},
  title = 	 {Modulated Waves in {Taylor}--{Couette} Flow:
                  {Part} 2. {Numerical} Simulation},
  journal = 	 JFM,
  year = 	 1992,
  volume =	 234,
  pages =	 {19--46}
}

@Article{coles65,
  author = 	 {Donald Coles},
  title = 	 {Transition in Circular {Couette} Flow},
  journal = 	 JFM,
  year = 	 1965,
  volume =	 21,
  number =	 3,
  pages =	 {385--425}
}

@Article{als86,
  author = 	 "C. David Andereck and S. S. Liu and Harry L. Swinney",
  title = 	 "Flow Regimes in a Circular {Couette} System with
		  Independently Rotating Cylinders",
  journal =	 JFM,
  year =	 1986,
  volume =	 164,
  pages =	 "155--183"
}

@Article{aski97,
  author = 	 {P. Ashwin and G. P. King},
  title = 	 {A Study of Particle Paths in Non-Axisymmetric
                  {Taylor}--{Couette} Flows},
  journal = 	 JFM,
  year = 	 1997,
  volume =	 338,
  pages =	 {341--362}
}

@InCollection{dps81,
  author = 	 {R. C. Di Prima and Harry L. Swinney},
  title = 	 {Instabilities and Transition in Flow Between 
                  Concentric Rotating Cylinders},
  booktitle = 	 {Hydrodynamic Instabilities and the Transition to Turbulence},
  publisher =	 {Springer},
  year =	 1981,
  editor =	 {Swinney and Gollub},
  volume =	 45,
  series =	 {Topics in Applied Physics},
  chapter =	 6,
  address =	 {Berlin},
  pages =	 {139--180}
}

@Article{golst86,
  author = 	 {Martin Golubitsky and Ian Stewart},
  title = 	 {Symmetry and Stability in {Taylor}--{Couette} Flow},
  journal = 	 JMA,
  year = 	 1986,
  volume =	 17,
  number =	 2,
  pages =	 {249--288}
}

@Article{mar84a,
  author = 	 "Philip S. Marcus",
  title = 	 "Simulation of {Taylor}--{Couette}
		  Flow. {Part~1}. {Numerical} Methods and Comparison
		  with Experiments",
  journal =	 JFM,
  year =	 1984,
  volume =	 146,
  pages =	 "45--64"
}

@Article{mar84b,
  author = 	 "Philip S. Marcus",
  title = 	 "Simulation of {Taylor}--{Couette}
		  Flow. {Part~2}. {Numerical} Results for Wavy-Vortex
		  Flow with One Travelling Wave",
  journal =	 JFM,
  year =	 1984,
  volume =	 146,
  pages =	 "65--113"
}

@Article{dil92,
  author = 	 {Y. Demay and G. Iooss and P. Laure},
  title = 	 {Wave Patterns in the Small Gap {Couette}--{Taylor} System},
  journal = 	 EJMBF,
  year = 	 1992,
  volume =	 11,
  number =	 5,
  pages =	 {621--634}
}

@Article{rage04,
  author = 	 {L. Guy Raguin and John G. Georgiadis},
  title = 	 {Kinematics of the Stationary Helical Vortex Mode in
                  {Taylor}--{Couette}--{Poiseuille} Flow},
  journal = 	 JFM,
  year = 	 2004,
  volume =	 516,
  pages =	 {125--254}
}

@Article{loma02,
  author = 	 {J. M. Lopez and F. Marques},
  title = 	 {Modulated {Taylor}--{Couette} Flow: Onset of Spiral Modes},
  journal = 	 TCFD,
  year = 	 2002,
  volume =	 16,
  pages =	 {59--69}
}

@Article{csb02,
  author = 	 {O. Czarny and E. Serre and P. Bontoux},
  title = 	 {Spiral and Wavy Vortex Flows in Short Counter-Rotating 
                  {Taylor}--{Couette} Cells},
  journal = 	 TCFD,
  year = 	 2002,
  volume =	 16,
  pages =	 {5--15}
}

@Article{lhpa04,
  author = 	 {J. Langenberg and M. Heise and G. Pfister and J. Abshagen},
  title = 	 {Convective and Absolute Instabilities in Counter-Rotating
                  Spiral {Poiseuille} Flow},
  journal = 	 TCFD,
  year = 	 2004,
  volume =	 18,
  pages =	 {97--103}
}

@Article{elcm04,
  author = 	 {A. B. Ezersky and N. Latrache and O. Crumeyrolle and 
                  I. Mutabazi},
  title = 	 {Competition of Spiral Waves with Anomalous Dispersion in
                  {Taylor}--{Couette} Flow},
  journal = 	 TCFD,
  year = 	 2004,
  volume =	 18,
  pages =	 {85--95}
}

@Article{hlp04,
  author = 	 {Ch. Hoffman and M. L{\"{u}}cke and A. Pinter},
  title = 	 {Spiral Vortices and {Taylor} Vortices in the Annulus
                  Between Rotating Cylinders and the Effect of an Axial Flow},
  journal = 	 PRE,
  year = 	 2004,
  volume =	 69,
  pages =	 {056309-1--14}
}

@InCollection{knopi92,
  author = 	 {E. Knobloch and R. Pierce},
  title = 	 {Spiral Vortices in Finite Cylinders},
  booktitle = 	 {Ordered and Turbulent Patterns in {Taylor}--{Couette} Flow},
  pages =	 {83--90},
  publisher =	 {Plenum},
  year =	 1992,
  editor =	 {C. D. Andereck and F. Hayot}
}

@Article{alimc05,
  author = 	 {M. E. Ali and G. B. McFadden},
  title = 	 {Linear Stability of Cylindrical {Couette} Flow in the
                  Convection Regime},
  journal = 	 PF,
  year = 	 2005,
  volume =	 17,
  pages =	 {05412-1--11}
}

@Article{ams98,
  author = 	 {J. Antonijoan and F. Marques and J. S{\'{a}}nchez},
  title = 	 {Non-linear Spirals in the {Taylor}--{Couette} Problem},
  journal = 	 PF,
  year = 	 1998,
  volume =	 10,
  number =	 4,
  pages =	 {829--838}
}

@Article{mtt02,
  author = 	 {T. Mullin and Y. Toya and S. J. Tavener},
  title = 	 {Symmetry Breaking and Multiplicity of States in Small
                  Aspect Ratio {Taylor}--{Couette} Flow},
  journal = 	 PF,
  year = 	 2002,
  volume =	 14,
  number =	 8,
  pages =	 {2778--87}
}

@Article{gola88,
  author = 	 {M. Golubitsky and W. F. Langford},
  title = 	 {Pattern Formation and Bistability in Flow Between
                  Counterrotating Cylinders},
  journal = 	 PD,
  year = 	 1988,
  volume =	 32,
  pages =	 {362--92}
}

@Article{scm93,
  author = 	 {J. S{\'{a}}nchez and D. Crespo and F. Marq{\`{e}}s},
  title = 	 {Spiral Vortices Between Concentric Cylinders},
  journal = 	 ASR,
  year = 	 1993,
  volume =	 51,
  pages =	 {55--59}
}

@Article{almp05,
  author = 	 {J. Abshagen and J. M. Lopez and F. Marques and G. Pfister},
  title = 	 {Mode Competition of Rotating Waves in Reflection-Symmetric
                  {Taylor}--{Couette} Flow},
  journal = 	 JFM,
  year = 	 2005,
  note =	 {Submitted}
}

@Article{datta65,
  author = 	 {S. K. Datta},
  title = 	 {Stability of Spiral Flow Between Concentric Circular
                  Cylinders at Low Axial {Reynolds} Number},
  journal = 	 JFM,
  year = 	 1965,
  volume =	 21,
  number =	 4,
  pages =	 {635--640}
}

@Article{ssd64,
  author = 	 {K. W. Schwarz and B. E. Springett and R. J. Donnelly},
  title = 	 {Modes of Instability in Spiral Flow Between
                  Rotating Cylinders},
  journal = 	 JFM,
  year = 	 1964,
  volume =	 20,
  number =	 2,
  pages =	 {281--289}
}

@Article{diprima61,
  author = 	 {R. C. DiPrima},
  title = 	 {Stability of Nonrotationally Symmetric Disturbances
                  for Viscous Flow Between Rotating Cylinders},
  journal = 	 PF,
  year = 	 1961,
  volume =	 4,
  number =	 6,
  pages =	 {751--755}
}

@Article{hlp04,
  author = 	 {C. Hoffmann and M. L{\"{u}}cke and A. Pinter},
  title = 	 {Spiral Vortices and {Taylor} Vortices in the Annulus
                  Between Rotating Cylinders and the Effect of an Axial Flow},
  journal = 	 PRE,
  year = 	 2004,
  volume =	 69,
  pages =	 {056309-1--14}
}

@Article{ltksg88,
  author = 	 {W. F. Langford and R. Tagg and E. J. Kostelich and H. L.
                  Swinney and M. Golubitsky},
  title = 	 {Primary Instabilities and Bicriticality in Flow
                  Between Counter-Rotating Cylinders},
  journal = 	 PF,
  year = 	 1988,
  volume =	 31,
  number =	 4,
  pages =	 {776--785}
}

