% $Id$
%%%%%%%%%%%%%%%%%%%%%%%%%%%%%%%%%%%%%%%%%%%%%%%%%%%%%%%%%%%%%%%%%%%%%%%%%%%%%%

@Article{iath91,
  author = 	 {H. Iacovides and I. P. Theofanopoulos},
  title = 	 {Turbulence Modeling of Axisymmetric Flow Inside
                  Rotating Cavities},
  journal = 	 IJHFF,
  year = 	 1991,
  volume =	 12,
  number =	 1,
  pages =	 {2--11}
}

@Article{slh90,
  author = 	 {R. M. C. So and Y. G. Lai and B. C. Hwang},
  title = 	 {Near-Wall Turbulence Closure for Curved Flows},
  journal = 	 AIAAJ,
  year = 	 1990,
  volume =	 29,
  number =	 8,
  pages =	 {1202--1213}
}

@Article{lak86,
  author = 	 {B. Lakshminarayana},
  title = 	 {Turbulence Modelling for Complex Shear Flows},
  journal = 	 AIAA,
  year = 	 1986,
  volume =	 24,
  number =	 12,
  pages =	 {1900--1917}
}

@InProceedings{bcfk,
  author = 	 "P. Bradshaw and B. J. Cantwell and J. H. Ferziger
		  and S. J. Kline",
  title = 	 "Experimental Data Needs for Computational Fluid
		  Dynamics --- A Position Paper",
  editor =	 "S. J. Kline and B. J. Cantwell and G. M. Lilley",
  volume =	 1,
  pages =	 "23--35",
  booktitle =	 "1980-1981 AFSOR-HTTM-Stanford Conference on Complex
		  Turbulent Flows",
  year =	 1981,
  publisher =	 "Stanford University"
}

@Article{bll91,
  author = 	 "P. Bradshaw and B. E. Launder and John L. Lumley",
  title = 	 "Collaborative Testing of Turbulence Models",
  journal =	 JFE,
  year =	 1991,
  volume =	 113,
  pages =	 "3--4"
}

@Article{bll96,
  author = 	 "P. Bradshaw and B. E. Launder and J. L. Lumley",
  title = 	 "Collaborative Testing of Turbulence Models",
  journal =	 JFE,
  year =	 1996,
  volume =	 118,
  pages =	 "243--247"
}

@Article{bw90,
  author = 	 "Frank Baetke and Heinrich Werner",
  title = 	 "Numerical Simulation of Turbulent Flow Over
		  Surface-Mounted Obstacles with Sharp Edges and
		  Corners",
  journal =	 JWEIA,
  year =	 1990,
  volume =	 35,
  pages =	 "129--147"
}

@Article{chf92,
  author = 	 "G. C. Cheung and S. Farohki",
  title = 	 "On Turbulent Flows Dominated by Curvature Effects",
  journal =	 JFE,
  year =	 992,
  volume =	 114,
  pages =	 "52--57"
}

@InCollection{cmp93,
  author = 	 "B. Cardot and B. Mohammadi and O. Pironneau",
  title = 	 "A Few Tools for Turbulence Models in
		  {Navier}--{Stokes} Equations",
  booktitle =	 "Incompressible Computational Fluid Dynamics: Trends
		  and Advances",
  publisher =	 "Cambridge University Press",
  editor =	 "Gunzburger and Nicolaides",
  chapter =	 1,
  pages =	 "1--15"
}

@InCollection{dei86,
  author = 	 "R. G. Deissler",
  title = 	 "Turbulent Solution of the {Navier}--{Stokes} Equations",
  booktitle =	 "Encyclopedia of Fluid Mechanics",
  publisher =	 "Gulf",
  year =	 1986,
  editor =	 "N. P. Cheremisinoff",
  volume =	 12,
  chapter =	 29,
  pages =        "1153--1182"
}

@Manual{fluent93,
  title = 	 {Introduction to the Renormalization Group Method
                  and Turbulence Modelling},
  organization = {Fluent Inc.},
  address =	 {New Hampshire},
  year =	 1993,
  note =	 {TM-107}
}

@Article{fofr83,
  author = 	 {J.-D. Fournier and U. Frisch},
  title = 	 {Remarks on the Renormalization Group in 
                  Statistical Fluid Dynamics},
  journal = 	 PRA,
  year = 	 1983,
  volume =	 28,
  number =	 2,
  pages =	 {1000--1002}
}

@Article{fs82a,
  author = 	 "Angelos N. Findikakis and Robert L. Street",
  title = 	 "Mathematical Description of Turbulent Flows",
  journal =	 JHD,
  year =	 1982,
  volume =	 108,
  number =	 "HY8",
  pages =	 "887--903"
}

@Article{fs82b,
  author = 	 "Angelos N. Findikakis and Robert L. Street",
  title = 	 "Finite Element Simulation of Stratified Turbulent Flows",
  journal =	 JHD,
  year =	 1982,
  volume =	 108,
  number =	 "HY8",
  pages =	 "904--921"
}

@Article{galk88,
  author = 	 {B. Galerpin and L. H. Kantha},
  title = 	 {Turbulence Model for Rotating Flows},
  journal = 	 AIAA,
  year = 	 1988,
  volume =	 27,
  number =	 6,
  pages =	 {750--757}
}

@InCollection{grosch79,
  author = 	 "G. Gr{\"{o}}tzbach and U. Schumann",
  title = 	 "Direct Numerical Simulation of Turbulent Velocity,
		  Pressure, and Temperature Fields in Channel Flows",
  booktitle =	 "Turbulent Shear Flows~1",
  publisher =	 "Springer",
  year =	 1979,
  editor =	 "F. Durst et~al.",
  pages =	 "370--385"
}

@Article{hor92,
  author = 	 {Kiyosi Horiuti},
  title = 	 {Assessment of Two-Equation Models of Turbulent
                  Passive-Scalar Diffusion in Channel Flow},
  journal = 	 JFM,
  year = 	 1992,
  volume =	 238,
  pages =	 {405--433}
}

@InProceedings{hutt82,
  author = 	 {A. G. Hutton},
  title = 	 {Finite Element Boundary Techniques for Improving
                  Performance in COmputing {Navier}--{Stokes} and Related
                  Heat Transfer Problems},
  booktitle = 	 {Finite Elements in Fluids},
  editor =	 {Galagher and Norrie and Oden and Zienkiewicz},
  volume =	 4,
  year =	 1982,
  publisher =	 {Wiley},
  pages =	 {433--452}
}

@InProceedings{kim83,
  author = 	 "John Kim",
  title = 	 "The Effect of Rotation on Turbulence Structure",
  pages =	 "6.14--6.19",
  booktitle =	 "Turbulent Shear Flows~4",
  year =	 1983
}

@Article{kmm96,
  author = 	 {A. G. Kravchenko and P. Moin and R. Moser},
  title = 	 {Zonal Embedded Grids for Numerical Simulations of
                 Wall-Bounded Turbulent Flows},
  journal = 	 JCP,
  year = 	 1996,
  volume =	 127,
  pages =	 {412--423}
}

@Article{la93,
  author = 	 "D. Laurence",
  title = 	 "Modelling Flows Around Bluff Bodies by Reynolds
		  Averaged Transport Equations",
  journal =	 JWEIA,
  year =	 1993,
  volume =	 46,
  pages =	 "53--68"
}

@Article{lam92,
  author = 	 "S. H. Lam",
  title = 	 "On the {RNG} Theory of Turbulence ",
  journal =	 PoFA,
  year =	 1992,
  volume =	 4,
  number =	 5,
  pages =	 "1007--1017"
}

@Article{launs74,
  author = 	 {B. E. Launder and D. B. Spalding},
  title = 	 {The Numerical Computation of Turbulence},
  journal = 	 CMAME,
  year = 	 1974,
  volume =	 3,
  pages =	 {269--289}
}

@Article{les90,
  author = 	 "M. A. Leschziner",
  title = 	 "Modelling Engineering Flows with {Reynolds} Stress
		  Turbulence Closure",
  journal =	 JWEIA,
  year =	 1990,
  volume =	 35,
  pages =	 "21--47"
}

@Article{les93,
  author = 	 "M. A. Leschziner",
  title = 	 "Computational Modelling of Complex Turbulent Flow
		  --- Expectations, Reality and Prospects",
  journal =	 JWEIA,
  year =	 1993,
  volume =	 46,
  pages =	 "37--51"
}

@Article{les95,
  author = 	 "M. A. Leschziner",
  title = 	 "Computation of Aerodynamic Flows with
		  Turbulence-Transport Models Based on Second-Moment Closure",
  journal =	 CF,
  year =	 1995,
  volume =	 24,
  number =	 4,
  pages =	 "377--392"
}


@InProceedings{lesc91,
  author = 	 {M. A. Leschziner},
  title = 	 {Modelling Strongly Swirling Flows with
                  Advanced Turbulence Closures},
  booktitle = 	 {Advances in Numerical Simulation of Turbulent Flows},
  pages =	 {1--10},
  year =	 1991,
  volume =	 {FED-Vol.~117},
  organization = {ASME}
}

@Article{lil96,
  author = 	 "F. S. Lien and M. A. Leschziner",
  title = 	 "Second-Moment Closures for Three-Dimensional
		  Turbulent Flow Around and Within Complex Geometries",
  journal =	 CF,
  year =	 1996,
  volume =	 25,
  number =	 3,
  pages =	 "237--262"
}

@Article{lm93,
  author = 	 "D. Laurence and J.-D. Mattei",
  title = 	 "Current State of Computational Bluff Body Aerodynamics",
  journal =	 JWEIA,
  year =	 1993,
  volume =	 49
}

@Article{lum78,
  author = 	 "John L. Lumley",
  title = 	 "Computational Modelling of Turbulent Flows",
  journal =	 AAM,
  year =	 1978,
  volume =	 18,
  pages =	 "123--176"
}

@InProceedings{lund89,
  author = 	 {Thomas S. Lund},
  title = 	 {Application of the Algebraic {RNG} Model for 
                  Transition Simulation},
  booktitle = 	 {Instability and Transition},
  editor =	 {Hussaini and Voigt},
  volume =	 {II},
  year =	 1989,
  publisher =	 {Springer-Verlag},
  address =	 {Virginia},
  pages =	 {463--479}
}

@InCollection{mar86,
  author = 	 "N. C. Markatos",
  title = 	 "Computer Simulation Techniques for Turbulent Flows",
  booktitle =	 "Encyclopedia of Fluid Mechanics",
  publisher =	 "Gulf",
  year =	 1986,
  editor =	 "N. P. Cheremisinoff",
  volume =	 12,
  chapter =	 31,
  pages =        "1221--1275"
}

@Article{mav90,
  author = 	 "Dimitri J. Mavriplis",
  title = 	 "Algebraic Turbulence Modeling for Unstructured and
		  Adaptive Meshes",
  journal =	 AIAA,
  year =	 1990,
  volume =	 29,
  number =	 12,
  pages =	 "2086--2093"
}

@InBook{mcc85,
  author = 	 {W. D. McComb},
  title = 	 {Renormalization Group Methods Applied to the Numerical
                  Simulation of Fluid Turbulence},
  chapter = 	 {VII},
  publisher = 	 {Springer-Verlag},
  year = 	 1985,
  editor =	 {Dwoyer, D.L. and Hussaini, M. Y. and Voigt, R.},
  volume =	 58,
  series =	 {Applied Mathematical Sciences},
  pages =	 {187--205}
}

@Article{men96,
  author = 	 {F. R. Menter},
  title = 	 {A Comparison of Some Recent Eddy-Viscosity
                  Turbulence Models},
  journal = 	 JFE,
  year = 	 1996,
  volume =	 118,
  pages =	 {514--519}
}

@Article{mm88,
  author = 	 "Shuzo Murakami and Akashi Mochida",
  title = 	 "3-D Numerical Simulation of Airflow Around a Cubic
		  Model by means of the $k$--$\epsilon$ Model",
  journal =	 JWEIA,
  year =	 1988,
  volume =	 31,
  pages =	 "283--303"
}

@Article{mmh90,
  author = 	 "Shuzo Murakami and Akashi Mochida and Yoshihiko Hayashi",
  title = 	 "Examining the $k$--$\epsilon$ Model by means of a
		  Wind Tunnel Test and Large-Eddy Simulation of the
		  Turbulence Structure Around a Cube",
  journal =	 JWEIA,
  year =	 1990,
  volume =	 35,
  pages =	 "87--100"
}

@Article{mp95,
  author = 	 "B. Mohammadi and O. Pironneau",
  title = 	 "Applied Mathematics and Turbulence Modelling",
  journal =	 IJNMF,
  year =	 1995,
  volume =	 20,
  pages =	 "819--829"
}

@Article{mur93,
  author = 	 "S. Murakami",
  title = 	 "Comparison of Various Turbulence Models Applied to a
		  Bluff Body",
  journal =	 JWEIA,
  year =	 1993,
  volume =	 "46/47",
  pages =	 "21--36"
}

@Article{mw95,
  author = 	 "Davis L. Marcum and Nigel P. Weatherill",
  title = 	 "Turbulence Models for Unstructured Finite Element
		  Calculations",
  journal =	 IJNMF,
  year =	 1995,
  volume =	 20,
  pages =	 "803--817"
}

@Article{naksak95,
  author = 	 "Yoshiaki Nakamura and Andi Eke Sakya",
  title = 	 "Capturing of Transition by the {RNG} Based Algebraic
		  Turbulence Model",
  journal =	 CF,
  year =	 1995,
  volume =	 4,
  number =	 8,
  pages =	 "909--918"
}

@InCollection{osfz96,
  author = 	 {Steven A. Orszag and I. Staroslsky and W. S. Flannery and
                  Y. Zhang},
  title = 	 {Introduction to Renormalization Group Modeling of 
                  Turbulence},
  booktitle = 	 {Simulation and Modeling of Turbulent Flows},
  publisher =	 {Oxford},
  year =	 1996,
  editor =	 {Gatski and Hussaini and Lumley},
  chapter =	 4,
  address =	 {New York},
  pages =	 {155--183}
}

@Article{pa90,
  author = 	 "David A. Paterson and Colin J. Apelt",
  title = 	 "Simulation of Flow Past a Cube in a Turbulent
		  Boundary Layer",
  journal =	 JWEIA,
  year =	 1990,
  volume =	 35,
  pages =	 "149--176"
}

@Article{puls94,
  author = 	 {D. I. Pullin ans P. G. Saffman},
  title = 	 {Reynolds Stresses and One-Dimensional Spectra for a 
                  Vortex Model of Homogeneous Anisotropic Turbulence},
  journal = 	 PoF,
  year = 	 1994,
  volume =	 6,
  number =	 5,
  pages =	 {1787--1796}
}

@InCollection{roco86,
  author = 	 "M. C. Roco",
  title = 	 "One-Equation Turbulence Modeling of Incompressible Mixtures",
  booktitle =	 "Encyclopedia of Fluid Mechanics",
  publisher =	 "Gulf",
  year =	 1986,
  editor =	 "N. P. Cheremisinoff",
  volume =	 10,
  chapter =	 1,
  pages =        "1--68"
}

@Article{rodi93,
  author = 	 "W. Rodi",
  title = 	 "On the Simulation of Turbulent Flow Past Bluff Bodies",
  journal =	 JWEIA,
  year =	 1993,
  volume =	 46,
  pages =	 "3--19"
}

@Article{ruba90,
  author = 	 {Robert Rubinstein and J. Michael Barton},
  title = 	 {Nonlinear {Reynolds} Stress Models and the
                  Renormalization Group},
  journal = 	 PoFA,
  year = 	 1990,
  volume =	 2,
  number =	 8,
  pages =	 {1472--1476}
}

@Article{sb90,
  author = 	 "T. Stathopoulos and A. Baskaran",
  title = 	 "Boundary Treatment for the Computation of
		  Three-Dimensional Wind Flow Conditions Around a
		  Building",
  journal =	 JWEIA,
  year =	 1990,
  volume =	 35,
  pages =	 "177--200"
}

@Article{shima93,
  author = 	 {N. Shima},
  title = 	 {Prediction of Turbulent Boundary Layers With a 
                  Second-Moment Closure: {Part II} --- Effects of
                  Streamline Curvature and Spanwise Rotation},
  journal = 	 JFE,
  year = 	 1993,
  volume =	 115,
  pages =	 {64--69}
}

@Article{smith84b,
  author = 	 {R. M. Smith},
  title = 	 {A Practical Method of Two-Equation Turbulence Modelling
                  Using Finite Elements},
  journal = 	 IJNMF,
  year = 	 1984,
  volume =	 4,
  pages =	 {321--336}
}

@Article{smith84ba,
  author = 	 {R. M. Smith},
  title = 	 {On the Finite-Element Calculation of Turbulent Flow
                  Using the $k$--$\epsilon$ Model},
  journal = 	 IJNMF,
  year = 	 1984,
  volume =	 4,
  pages =	 {303--319}
}

@Article{sny93,
  author = 	 {Andi Eka Sakya and Yoshiaki Nakamura and Michiru Yasuhara},
  title = 	 {Evaluation of a {RNG}-Based Algebraic Turbulence Model},
  journal = 	 CF,
  year = 	 1993,
  volume =	 22,
  number =	 {2/3},
  pages =	 {207--214}
}

@Article{spez87,
  author = 	 "Charles G. Speziale",
  title = 	 "On Nonlinear $K$--$l$ and $K$--$\epsilon$ Models of
		  Turbulence",
  journal =	 JFM,
  year =	 1987,
  volume =	 178,
  pages =	 "459--475"
}

@Article{spez91,
  author = 	 "Charles G. Speziale",
  title = 	 "Analytical Methods for the Development of
		  {Reynolds}-Stress Closures in Turbulence",
  journal =	 ARFM,
  year =	 1991,
  volume =	 23,
  number =	 "107--157"
}

@Article{sr92,
  author = 	 "L. M. Smith and W. C. Reynolds",
  title = 	 "On the {Yakhot}--{Orszag} Renormalization Group
		  Method for Deriving Turbulence Statistics and Models",
  journal =	 PoFA,
  year =	 1992,
  volume =	 4,
  number =	 2,
  pages =	 "364--390"
}

@Article{tem96,
  author = 	 {Roger Temam},
  title = 	 {Multilevel Methods for the Simulation of Turbulence},
  journal = 	 JCP,
  year = 	 1996,
  volume =	 127,
  pages =	 {309--315}
}

@Article{yak81,
  author = 	 {V. Yakhot},
  title = 	 {Ultraviolet Dynamic Renormailzation Group: Small-Scale
                  Properties of a Randomly-Stirred Fluid},
  journal = 	 PRA,
  year = 	 1981,
  volume =	 23,
  number =	 3,
  pages =	 {1486--1492}
}

@Article{yaks92,
  author = 	 {Victor Yakhot and Leslie M. Smith},
  title = 	 {The Renormalization Group, the $\epsilon$-Expansion and
                  Derivation of Turbulence Models},
  journal = 	 JSC,
  year = 	 1992,
  volume =	 7,
  number =	 1,
  pages =	 {35--61}
}

@Article{yo86,
  author = 	 "Victor Yakhot and Steven A. Orszag",
  title = 	 "Renormalization Group Analysis of Turbulence.
		  {I}.~{Basic} Theory",
  journal =	 JSC,
  year =	 1986,
  volume =	 1,
  number =	 1,
  pages =	 "3--50"
}

@Article{yso95,
  author = 	 "A. Yakhot and I. Staroselsky and S. A. Orszag",
  title = 	 "Asymptotic Behavior of Solutions of the
		  Renormalization Group $k$--$\epsilon$ Turbulence Model",
  journal =	 AIAA,
  year =	 1995,
  volume =	 32,
  number =	 5,
  pages =	 "1087--1089"
}

