% $Id$
%%%%%%%%%%%%%%%%%%%%%%%%%%%%%%%%%%%%%%%%%%%%%%%%%%%%%%%%%%%%%%%%%%%%%%%%%%%%%%%

@Article{mocs98,
  author = 	 {J. Marton and A. Ooi and M. S. Chong and J. Soria},
  title = 	 {Dynamics of the Velocity Gradient Tensor Invariants
                  in Isotropic Turbulence},
  journal = 	 PoF,
  year = 	 1998,
  volume =	 10,
  number =	 9,
  pages =	 {2336--2346}
}

@Article{omsc99,
  author = 	 {Andrew Ooi and Jesus Marin and Julio Soria and M. S. Chong},
  title = 	 {A Study of the Evolution and Characteristics of the
                  Invariants of the Velocity-Gradient Tensor in
                  Isotropic Turbulence},
  journal = 	 JFM,
  year = 	 1999,
  volume =	 381,
  pages =	 {141--174}
}

@Article{cspccn98,
  author = 	 {M. S. Chong and J. Soria and A. E. Perry and J. Chacin
                  and B. J. Cantwell and Y. Na},
  title = 	 {Turbulence Statistics of Wall-Bounded Shear Flows Found
                  Using {DNS} Data},
  journal = 	 JFM,
  year = 	 1998,
  volume =	 357,
  pages =	 {225--247}
}

@Article{hope84a,
  author = 	 {Hans Hornung and Anthony E. Perry},
  title = 	 {Some Aspects of Three-Dimensional Separation,
                  {Part}~{I}: Streamsurface Separations},
  journal = 	 {Z.\,Flugwiss.\ Weltraumforsch.},
  year = 	 1984,
  volume =	 8,
  number =	 2,
  pages =	 {77--87}
}

@Article{hope84b,
  author = 	 {Anthony E. Perry and Hans Hornung},
  title = 	 {Some Aspects of Three-Dimensional Separation,
                  {Part}~{II}: Vortex Skeletons},
  journal = 	 {Z.\,Flugwiss.\ Weltraumforsch.},
  year = 	 1984,
  volume =	 8,
  number =	 3,
  pages =	 {155--160}
}

@Article{chacan00,
  author = 	 {Juan M. Chacin and Brian J. Cantwell},
  title = 	 {Dynamics of a Low {R}eynolds Number
                  Turbulent Boundary Layer},
  journal = 	 JFM,
  year = 	 2000,
  volume =	 404,
  pages =	 {87--155}
}

@Article{hus86,
  author = 	 "A. K. M. Fazle Hussain",
  title = 	 "Coherent Structures and Turbulence",
  journal =	 JFM,
  year =	 1986,
  volume =	 173,
  pages =	 "303--356"
}

@Article{cant92,
  author = 	 "B. J. Cantwell",
  title = 	 "Exact Solution of a Restricted {Euler} Equation for
		  the Velocity Gradient Tensor",
  journal =	 PoFA,
  year =	 1992,
  volume =	 4,
  number =	 4,
  pages =	 "782--793"
}

@Article{cant93,
  author = 	 "B. J. Cantwell",
  title = 	 "On the Behaviour of a Restricted {Euler} Equation for
		  the Velocity Gradient Tensor",
  journal =	 PoFA,
  year =	 1993,
  volume =	 5,
  number =	 8
}

@Article{cpc90,
  author = 	 "M. S. Chong and A. E. Perry and B. J. Cantwell",
  title = 	 "A General Classification of Three-Dimensional Flows",
  journal =	 PoFA,
  year =	 1990,
  volume =	 2,
  number =	 5,
  pages =	 "765--777"
}

@Article{hdh95,
  author = 	 "Lambertus Hesselink and Thierry Delmarcelle and
		  James L. Helman",
  title = 	 "Topology of Second-Order Tensor Fields",
  journal =	 CP,
  year =	 1995,
  volume =	 9,
  number =	 3,
  pages =	 "304--311"
}


@Article{jh95,
  author = 	 "Jinhee Jeong and Fazle Hussain",
  title = 	 "On the Identification of a Vortex",
  journal =	 JFM,
  year =	 1995,
  volume =	 285,
  pages =	 "69--94"
}

@Article{pc87a,
  author = 	 "A. E. Perry and M. S. Chong",
  title = 	 "A Description of Eddying Motions and Flow Patterns
		  using Critical Point Concepts",
  journal =	 ARFM,
  year =	 1987,
  volume =	 19,
  pages =	 "125-155"
}

@Article{pf74,
  author = 	 "A. E. Perry and B. D. Fairlie",
  title = 	 "Critical Points in Flow Patterns",
  journal =	 "Advances in Geophysics B",
  year =	 1974,
  volume =	 18,
  pages =	 "299--315"
}

@Article{vie84,
  author = 	 "P. Vieillefosse",
  title = 	 "Internal Motion of a Small Element of Fluid in an
		  Inviscid Flow",
  journal =	 "Physica",
  year =	 1984,
  volume =	 "A",
  pages =	 "150--162"
}
