% $Id$
%%%%%%%%%%%%%%%%%%%%%%%%%%%%%%%%%%%%%%%%%%%%%%%%%%%%%%%%%%%%%%%%%%%%%%%%%%%%%%

@InProceedings{reynolds89,
  author = 	 {W. C. Reynolds},
  title = 	 {Effects of Rotation on Homogeneous Turbulence},
  booktitle = 	 {10th Australasian Fluid Mech.\ Conf.},
  pages =	 {KS2.1--6},
  year =	 1989,
  address =	 {Melbourne},
  month =	 {December}
}

@Article{cmg97,
  author = 	 {Claude Cambon and N. N. Mansour and F. S. Godeferd},
  title = 	 {Energy Transfer in Rotating Turbulence},
  journal = 	 JFM,
  year = 	 1997,
  volume =	 337,
  pages =	 {303--332}
}

@Article{chorin98,
  author = 	 {Alexandre A. Chorin},
  title = 	 {New Perspectives in Turbulence},
  journal = 	 {Q. Appl.\ Math.},
  year = 	 1998,
  volume =	 {LVI},
  number =	 4,
  pages =	 {767--785}
}

@Article{tkm02,
  author = 	 {Bo Tao and Joseph Katz and Charles Meneveau},
  title = 	 {Statistical Geometry of Subgrid-Scale Stresses
                  Determined from Holographic Particle Image
                  Velocimetry Measurements},
  journal = 	 JFM,
  year = 	 2002,
  volume =	 457,
  pages =	 {35--78}
}

@Article{osnk93,
  author = 	 {S. Okamoto and S. Seo and K. Nakaso and I. Kawai},
  title = 	 {Turbulent Shear Flow and Heat Transfer Over the 
                  Repeated Two-Dimensional Square Ribs on Ground Plane},
  journal = 	 JFE,
  year = 	 1993,
  volume =	 115,
  pages =	 {631--637}
}

@Article{lws98,
  author = 	 {Thomas S. Lund and Xiaohua Wu amd Kyle D. Squires},
  title = 	 {Generation of Turbulent Inflow Data for
                  Spatially-Developing Boundary Layer Simulations},
  journal = 	 JCP,
  year = 	 1998,
  volume =	 140,
  pages =	 {233--258}
}

@Article{luro94,
  author = 	 {Thomas S. Lund and Michael M. Rogers},
  title = 	 {An Improved Measure of Strain Rate Probability
                  in Turbulent Flows},
  journal = 	 PoF,
  year = 	 1994,
  volume =	 6,
  number =	 5,
  pages =	 {1836--1847}
}

@Article{jhsk97,
  author = 	 {J. Jeong and F. Hussain and W. Schoppa and J. Kim},
  title = 	 {Coherent Structures Near the Wall in a
                  Turbulent Channel Flow},
  journal = 	 JFM,
  year = 	 1997,
  volume =	 332,
  pages =	 {185--214}
}

@Article{spga97,
  author = 	 {Charles G. Speziale and Thomas B. Gatski},
  title = 	 {Analysis and Modelling of Anisotropies in the
                  Dissipation Rate of Turbulence},
  journal = 	 JFM,
  year = 	 1997,
  volume =	 344,
  pages =	 {155--180}
}

@Article{stwn89,
  author = 	 {M. Stieglmeier and C. Tropea and N. Weiser and N. Nitsche},
  title = 	 {Experimental Investigation of the Flow Through
                  Axisymmetrtic Expansions},
  journal = 	 JFE,
  year = 	 1989,
  volume =	 111,
  number =	 4,
  pages =	 {464--471}
}

@Article{ww89,
  author = 	 {T. Wei and W. W. Willmarth},
  title = 	 {{Reynolds}-Number Effects on the Structure of a 
                  Turbulent Channel Flow},
  journal = 	 JFM,
  year = 	 1989,
  key =		 204,
  number =	 {57--95}
}

@Article{smzn99,
  author = 	 {H. Shan and B. Ma and Z. Zhang and F. T. M. Nieuwstadt},
  title = 	 {Direct Numerical Simulation of a Puff and a Slug
                  in Transitional Cylindrical Pipe Flow},
  journal = 	 JFM,
  year = 	 1999,
  volume =	 387,
  pages =	 {39--60}
}

@Article{brad87,
  author = 	 {Peter Bradshaw},
  title = 	 {Turbulent Secondary Flows},
  journal = 	 ARFM,
  year = 	 1987,
  volume =	 19,
  pages =	 {53--74}
}

@Article{abk91,
  author = 	 "R. A. Antonia and J. Kim and L. W. B. Browne",
  title = 	 "Some Characteristics of Small-Scale Turbulence in a
		  Turbulent Duct Flow",
  journal =	 JFM,
  year =	 1991,
  volume =	 233,
  pages =	 "369--388"
}

@Article{akkg87,
  author = 	 "W. T. Ashurst and A. R. Kerstein and R. M. Kerr and
		  C. H. Gibson",
  title = 	 "Alignment of Vorticity and Scalar Gradient with
		  Strain Rate in Simulated {Navier}--{Stokes} Turbulence",
  journal =	 PoF,
  year =	 1987,
  volume =	 30,
  number =	 8,
  pages =	 "2343--2353"
}

@Article{atkb92,
  author = 	 "R. A. Antonia and M. Teitel and J. Kim and L. W. B. Browne",
  title = 	 "Low-{Reynolds}-Number Effects in a Fully Developed
		  Turbulent Channel Flow",
  journal =	 JFM,
  year =	 1992,
  volume =	 236,
  pages =	 "579--605"
}

@Article{bh92,
  author = 	 "John W. Brooke and T. J. Hanratty",
  title = 	 "Origin of Turbulence-Producing Eddies in a Channel Flow",
  journal =	 PoFA,
  year =	 1992,
  volume =	 5,
  number =	 4,
  pages =	 "1011--1022"
}

@Article{btaa95,
  author = 	 {Knut H. Bech and Nils Tillmark and
                  P. Henrik Alfredsson and Helge I. Andersson},
  title = 	 {An Investigation of Turbulent Plane {Couette} Flow
                  at Low {Reynolds} Numbers},
  journal = 	 JFM,
  year = 	 1995,
  volume =	 286,
  pages =	 {291--325}
}

@Article{cant81,
  author = 	 "Brian J. Cantwell",
  title = 	 "Organized Motion in Turbulent Flow",
  journal =	 ARFM,
  year =	 1981,
  volume =	 13,
  pages =	 "457--515"
}

@InProceedings{ccssprmc90,
  author = 	 "J. H. Chen and M. S. Chong and J. Soria and
		  R. Sondergaard and A. E. Perry and M. Rogers and
		  R. Moser and B. J. Cantwell",
  title = 	 "A Study of the Topology of Dissipating Motions in
		  Direct Numerical Simulations of Time Developing
		  Compressible and Incompressible Mixing Layers",
  pages =	 "141--164",
  booktitle =	 "Center for Turbulence Research 1990 Summer Program",
  year =	 1990,
  organization = "Center for Turbulence Research",
  address =	 "Stanford University"
}

@Article{dsw94,
  author = 	 "T. L. Doligalski and C. R. Smith and J. D. A. Walker",
  title = 	 "Vortex Interactions with Walls",
  journal =	 ARFM,
  year =	 1994,
  volume =	 26,
  pages =	 "573--616"
}

@Article{esp88,
  author = 	 {V. Eswaran and S.B. Pope},
  title = 	 {An Examination of Forcing in Direct Numerical
                  Simulations of Turbulence},
  journal = 	 CF,
  year = 	 1988,
  volume =	 16,
  number =	 3,
  pages =	 {257--278}
}

@Article{espo88,
  author = 	 {V. Eswaran and S. B. Pope},
  title = 	 {An Examination of Forcing in Direct Numerical Simulations
                  of Turbulence},
  journal = 	 CF,
  year = 	 1988,
  volume =	 16,
  number =	 3,
  pages =	 {257--278}
}

@Article{euwwafn94,
  author = 	 {J. G. Eggels and F. Unger and M. H. Wiess and
                  J. Westerweel and R. J. Adrian and R. Friedrich and
                  F. T. M. Nieuwstadt},
  title = 	 {Fully Developed Turbulent Pipe Flow: A Comparison Between
                  Direct Numerical Simulation and Experiment},
  journal = 	 JFM,
  year = 	 1994,
  volume =	 268,
  pages =	 {175--209}
}

@Article{fal91,
  author = 	 "R. E. Falco",
  title = 	 "A Coherent Structure Model of the Turbulent Boundary
		  Layer and its Ability to Predict {Reynolds} Number
		  Dependence",
  journal =	 PTRSA,
  year =	 1991,
  pages =	 "103--129"
}

@InCollection{fb77,
  author = 	 "Walter Frost and J{\"{u}}rgen Bitte",
  title = 	 "Statistical Concepts in Turbulence",
  booktitle =	 "Handbook of Turbulence",
  publisher =	 "Plenum",
  year =	 1977,
  editor =	 "Frost and Moulden",
  volume =	 1,
  chapter =	 3,
  pages =	 "53--83"
}

@InCollection{fro77,
  author = 	 "Walter Frost",
  title = 	 "Spectral Theory of Turbulence",
  booktitle =	 "Handbook of Turbulence",
  publisher =	 "Plenum",
  year =	 1977,
  editor =	 "Frost and Moulden",
  volume =	 1,
  chapter =	 4,
  pages =	 "85--125"
}

@Article{gen83,
  author = 	 "Jean N{\"{o}}el Gence",
  title = 	 "Homogenous Turbulence",
  journal =	 ARFM,
  year =	 1983,
  volume =	 15,
  pages =	 "201--222"
}

@Article{ghar96,
  author = 	 "Morteza Gharib",
  title = 	 "Perspective: The Experimentalist and the Problem of
		  Turbulence in the Age of Supercomputers",
  journal =	 JFE,
  year =	 1996,
  volume =	 118,
  pages =	 "233--242"
}

@Article{gn57,
  author = 	 "H. L. Grant and I. C. T. Nisbet",
  title = 	 "The Inhomogeneity of Grid Turbulence",
  journal =	 JFM,
  year =	 1957,
  volume =	 2,
  number =	 3,
  pages =	 "263--272"
}

@Article{gp90,
  author = 	 "S. S. Girimaji and S. B. Pope",
  title = 	 "A Diffusion Model for Velocity Gradients in Turbulence",
  journal =	 PoFA,
  year =	 1990,
  volume =	 2,
  number =	 2,
  pages =	 "242--256"
}

@Article{hb81,
  author = 	 "M. R. Head and P. Bandyopadhyay",
  title = 	 "New Aspects of Turbulent Boundary-Layer Structure",
  journal =	 JFM,
  year =	 1981,
  volume =	 107,
  pages =	 "297--338"
}

@Article{hkrpp90,
  author = 	 "J. C. R. Hunt and H. Kawai and S. R. Ramsey and
		  G. Pedrizetti and R. J. Perkins",
  title = 	 "A Review of Velocity and Pressure Fluctuations in
		  Turbulent Flows Around Bluff Bodies",
  journal =	 JWEIA,
  year =	 1990,
  volume =	 35,
  pages =	 "49--85"
}

@Article{hkw95,
  author = 	 "James M. Hamilton and John Kim and Fabian Waleffe",
  title = 	 "Regeneration Mechanisms of Near-Wall Turbulence",
  journal =	 JFM,
  year =	 1995,
  volume =	 287,
  pages =	 "317--348"
}

@InProceedings{hor89,
  author = 	 "Hans Hornung",
  title = 	 "Vorticity Generation and Transport",
  booktitle =	 "Tenth A/Asian Fluid Mech.\ Conf.",
  year =	 1989,
  address =	 "Univ.\ Melbourne",
  month =	 "December"
}

@Article{hr75,
  author = 	 {A. K. M. F. Hussain and W. C. Reynolds},
  title = 	 {Measurements in Fully-Developed Turbulent Channel Flow},
  journal = 	 JFE,
  year = 	 1975,
  volume =	 97,
  pages =	 {568--578}
}

@Article{ill95,
  author = 	 {H. Iacovides and B. E. Launder and H.-Y. Li},
  title = 	 {The Computation of Flow Development Through Stationary
                  and Rotating {U}-Ducts of Strong Curvature},
  journal = 	 IJHFF,
  year = 	 1996,
  volume =	 17,
  number =	 1,
  pages =	 {22--33}
}

@Article{jim92,
  author = 	 "J. Jimenez",
  title = 	 "Kinematic Alignment Effects in Turbulent Flows",
  journal =	 PoFA,
  year =	 1992,
  volume =	 4,
  number =	 4,
  pages =	 "652--654"
}

@InCollection{jov93,
  author = 	 "S. Jovic",
  title = 	 "Two-Point Correlation Measurements in a Recovering
		  Turbulent Boundary Layer",
  booktitle =	 "Near-Wall Turbulent Flows",
  publisher =	 "Elsevier",
  year =	 1993,
  editor =	 "R. M. C. So and C. G. Speziale and B. E. Launder",
  pages =	 "921--930"
}

@Article{ka93,
  author = 	 "J. Kim and R. A. Antonia",
  title = 	 "Isotropy of the Small Scales of Turbulence at Low
		  {Reynolds} Number",
  journal =	 JFM,
  year =	 1993,
  volume =	 251,
  pages =	 "219--238"
}

@Article{kerr85,
  author = 	 "Robert M. Kerr",
  title = 	 "Higher-Order Derivative Correlations and the
		  Alignment of Small-Scale Structures in Isotropic
		  Numerical Turbulence",
  journal =	 JFM,
  year =	 1985,
  volume =	 153,
  pages =	 "31--58"
}

@Article{kim89,
  author = 	 "John Kim",
  title = 	 "On the Structure of Pressure Fluctuations in
		  Simulated Turbulent Channel Flow",
  journal =	 JFM,
  year =	 1989,
  volume =	 205,
  pages =	 "421--451"
}

@Article{klj96,
  author = 	 {Jukka Komminaho and Anders Lundbladh and Arne V. Johansson},
  title = 	 {Very Large Structures in Plane Turbulent {Couette} Flow},
  journal = 	 JFM,
  year = 	 1996,
  volume =	 320,
  pages =	 {259--285}
}

@Article{km86,
  author = 	 "J. Kim and P. Moin",
  title = 	 "The Structure of the Vorticity Field in Turbulent
		  Channel Flow.  Part 2.  Study of Ensemble-Averaged Fields",
  journal =	 JFM,
  year =	 1986,
  volume =	 162,
  pages =	 "339--363"
}

@Article{kmm87,
  author = 	 "John Kim and Parviz Moin and Robert Moser",
  title = 	 "Turbulence Statistics in Fully Developed Channel
		  Flow at Low {Reynolds} number",
  journal =	 JFM,
  year =	 1987,
  volume =	 177,
  pages =	 "133--166"
}

@Article{kol41a,
  author = 	 "A. N. Kolmogorov",
  title = 	 "Local Structure of Turbulence in an Incompessible
		  Fluid at Very High {Reynolds} Numbers",
  journal =	 "Dokl.\ Akad.\ Nauk SSSR",
  year =	 1941,
  volume =	 30,
  pages =	 "299--303"
}

@Article{kol41b,
  author = 	 "A. N. Kolmogorov",
  title = 	 "Logarithmically Normal Distribution of the Size of
		  Particles Under Fragmentation",
  journal =	 "Dokl.\ Akad.\ Nauk SSSR",
  year =	 1941,
  volume =	 31,
  pages =	 "99--101"
}

@Article{kol41c,
  author = 	 "A. N. Kolmogorov",
  title = 	 "Decay of Isotropic Turbulence in an Incompressible
		  Viscous Fluid",
  journal =	 "Dokl.\ Akad.\ Nauk SSSR",
  year =	 1941,
  volume =	 31,
  pages =	 "538--541"
}

@Article{kol41d,
  author = 	 "A. N. Kolmogorov",
  title = 	 "Energy Dissipation in Locally Isotropic Turbulence",
  journal =	 "Dokl.\ Akad.\ Nauk SSSR",
  year =	 1941,
  volume =	 32,
  pages =	 "19--21"
}

@Article{kssi95,
  author = 	 "Nobuhide Kagasi, Yasushi Sumitani, Yuji Suzuki and
		  Oaki Iida",
  title = 	 "Kinematics of the Quasi-Coherent Vortical Structure
		  in Near-Wall Turbulence",
  journal =	 IJHFF,
  year =	 1995,
  volume =	 16,
  pages =	 "2--10"
}

@InProceedings{leek91,
  author = 	 {Moon Joo Leee and John Kim},
  title = 	 {The Structure of Turbulence in a Simulated
                  Plane Couette Flow},
  booktitle = 	 {Eighth Symposium on Turbulent Shear Flows},
  year =	 1991,
  address =	 {Munich},
  month =	 {September},
  note =	 {Paper 5-3}
}

@Article{llm96,
  author = 	 {Eric Lamballais and Marcel Lesieur and Olivier M{\'{e}}tais},
  title = 	 {Effects of Spanwise Rotation on the Vorticity Stretching
                  in Transitional and Turbulent Channel Flow},
  journal = 	 IJHFF,
  year = 	 1996,
  volume =	 17,
  number =	 3,
  pages =	 {324--332}
}

@Article{lum92,
  author = 	 "J. L. Lumley",
  title = 	 "Some Comments on Turbulence",
  journal =	 PoFA,
  year =	 1992,
  volume =	 4,
  number =	 2,
  pages =	 "203--211"
}

@Article{lwc93,
  author = 	 {T.-M. Liou and Y.-Y. Wu and Y. Chang},
  title = 	 {{LDV} Measurements of Periodic Fully Developed Main
                  and Secondary Flows in an Channel With Rib-Disturbed Walls},
  journal = 	 JFE,
  year = 	 1993,
  volume =	 115,
  pages =	 {109--114}
}

@Article{lyl97,
  author = 	 {Tong-Miin Liou ang Chih-Ping Yang and Hsin-Li Lee},
  title = 	 {{LDV} Measurements of Spatially Periodic Flows Over
                  a Detached Rib Array},
  journal = 	 JFE,
  year = 	 1997,
  volume =	 119,
  pages =	 {383--389}
}

@Article{mkm88,
  author = 	 "N. N. Mansour and J. Kim and P. Moin",
  title = 	 "{Reynolds}-Stress and Dissipation-Rate Budgets in a
		  Turbulent Channel Flow",
  journal =	 JFM,
  year =	 1988,
  volume =	 194,
  pages =	 "15--44"
}

@Article{msr91,
  author = 	 "Nagi N. Mansour and Tsan-Hsing Shih and William C. Reynolds",
  title = 	 "The Effects of Rotation on Initially Anisotropic
		  Homogeneous Flows",
  journal =	 PoFA,
  year =	 1991,
  volume =	 3,
  number =	 10,
  pages =	 "2421--2425"
}

@Article{orpat72,
  author = 	 {S. A. Orszag and  Patterson, Jr., G. S.},
  title = 	 {Numerical Simulation of Three-Dimensional Homogeneous
                  Isotropic Turbulence},
  journal = 	 PRL,
  year = 	 1972,
  volume =	 28,
  number =	 2,
  pages =	 {76--79}
}

@Article{otkak96,
  author = 	 {Shiki Okamoto and Kazumi Tsunoda and Tomohide Katsumata
                  and Nobuaki Abe and Masamichi Kijima},
  title = 	 {Turbulent Near-Wakes of Periodic Array of Square Blocks
                  on a Plate},
  journal = 	 IJHFF,
  year = 	 1996,
  volume =	 17,
  number =	 3,
  pages =	 {211--218}
}

@Article{pc87b,
  author = 	 "A. E. Perry and M. S. Chong",
  title = 	 "On the Mechanism of Wall Turbulence",
  journal =	 JFM,
  year =	 1987,
  volume =	 119,
  pages =	 "173--217"
}

@Article{phc87,
  author = 	 "A. E. Perry and S. Henbest and M. S. Chong",
  title = 	 "A Theoretical and Experimental Study of Wall Turbulence",
  journal =	 JFM,
  year =	 1986,
  volume =	 165,
  pages =	 "163--199"
}

@Article{pl90,
  author = 	 "A. E. Perry and J. D. Li",
  title = 	 "Experimental Support for the Attached-Eddy
		  Hypothesis in Zero Pressure-Gradient Turbulent
		  Boundary Layers",
  journal =	 JFM,
  year =	 1990,
  volume =	 218,
  pages =	 "405--438"
}

@InCollection{plhm88,
  author = 	 "A. E. Perry and J. D. Li and I. Maru\v{s}i\'{c} and
		  S. M. Henbest",
  title = 	 "The Attached Eddy Hypothesis in Wall Turbulence",
  booktitle =	 "Near-Wall Turbulence",
  publisher =	 "Hemisphere",
  year =	 1988,
  editor =	 "S. J. Kline and N. H. Afgan",
  pages =	 "715--735"
}

@Article{plm91,
  author = 	 "A. E. Perry and J. D. Li and I. Maru\v{s}i\'{c}",
  title = 	 "Towards a Closure Scheme for Turbulent Boundary
		  Layers using the Attached Eddy Hypothesis",
  journal =	 PTRSA,
  year =	 1991,
  volume =	 336,
  pages =	 "67--79"
}

@InCollection{pml93,
  author = 	 "A. E. Perry and I. Maru\v{s}i\'{c} and J. D. Li",
  title = 	 "Some Recent Ideas and Developments in the Modeling
		  of Wall Turbulence",
  booktitle =	 "Near-Wall Turbulent Flows",
  publisher =	 "Elsevier",
  year =	 1993,
  editor =	 "R. M. C. So and C. G. Speziale and B. E. Launder",
  pages =	 "1--15"
}

@Article{rey76,
  author = 	 "W. C. Reynolds",
  title = 	 "Computation of Turbulent Flows",
  booktitle =	 AFRM,
  year =	 1976,
  pages =	 "183--208"
}

@Article{rm91,
  author = 	 "G. R. Reutsch and M. R. Maxey",
  title = 	 "Small-Scale Features of Vorticity and Passive Scalar
		  Fields in Homogeneous Isotropic Turbulence",
  journal =	 PoFA,
  year =	 1991,
  volume =	 3,
  number =	 6,
  pages =	 "1587--1597"
}

@Article{rm93,
  author = 	 "W. Rodi and N. N. Mansour",
  title = 	 "Low {Reynolds} Number $k$--$\epsilon$ Modelling with
		  the Aid of Direct Simulation Data",
  journal =	 JFM,
  year =	 1993,
  volume =	 250,
  pages =	 "509--529"
}

@Article{rob91,
  author = 	 "S. K. Robinson",
  title = 	 "Coherent Motions in the Turbulent Boundary Layer",
  journal =	 ARFM,
  year =	 1991,
  volume =	 23,
  pages =	 "601--639"
}

@Article{rosu78,
  author = 	 {H. A. Rose and P. L. Sulem},
  title = 	 {Fully Developed Turbulence and Statistical Mechanics},
  journal = 	 {Le Journal de Physique},
  year = 	 1978,
  volume =	 39,
  number =	 5,
  pages =	 {441--484}
}

@InCollection{rsp88,
  author = 	 "S. K. Robinson and S. J. Kline and P. R. Spalart",
  title = 	 "Quasi-Coherent Structures in the Turbulent Boundary
		  Layer: Part II.  Verification and New Information
		  from a Numerically-Simulated Boundary Layer",
  booktitle =	 "Near-Wall Turbulence",
  publisher =	 "Hemisphere",
  year =	 1988,
  editor =	 "S. J. Kline and N. H. Afgan",
  pages =	 "218--247"
}

@InProceedings{scsc,
  author = 	 "R. Sondergaard and J. Chen and J. Soria and B. Cantwell",
  title = 	 "Local Topology of Small Scale Motions in Turbulent
		  Shear Flows",
  booktitle =	 "Eighth Symposium on Turbulent Shear Flows",
  year =	 1991,
  address =	 "Munich"
}

@Article{shej90,
  author = 	 "Zhen-Su She and Eric Jackson",
  title = 	 "On the Universal Form of Energy Spectra in Fully
		  Developed Turbulence",
  journal =	 PoFA,
  year =	 193,
  volume =	 5,
  number =	 7,
  pages =	 "1526--1528"
}

@Article{sig81,
  author = 	 "Eric D. Siggia",
  title = 	 "Numerical Study of Small-Scale Intermittency in
		  Three-Dimensional Turbulence",
  journal =	 JFM,
  year =	 1981,
  volume =	 107,
  pages =	 "375--406"
}

@Article{sjo90,
  author = 	 "Zhen-Su She and Eric Jackson and Steven A. Orszag",
  title = 	 "Intermittent Vortex Structures in Homogeneous
		  Isotropic Turbulence",
  journal =	 "Nature",
  year =	 1990,
  volume =	 344,
  pages =	 "226--228"
}

@Article{sp78,
  author = 	 "Eric D. Siggia and G. S. Patterson",
  title = 	 "Intermittency Effects in a Numerical Simulation of
		  Stationary Three-Dimensional Turbulence",
  journal =	 JFM,
  year =	 1978,
  volume =	 86,
  number =	 3,
  pages =	 "567--592"
}

@Article{ssccp94,
  author = 	 "J. Soria and M. S. Chong and R. Sondergaard and
		  A. E. Perry and B. J. Cantwell",
  title = 	 "A Study of the Fine-Scale Motions of Incompressible
		  Time-Developing Mixing Layers",
  journal =	 PoF,
  year =	 1994,
  volume =	 6,
  number =	 2,
  pages =	 "871--884"
}

@Article{sst93,
  author = 	 "L. Shtilman and M. Spector and A. Tsinober",
  title = 	 "On Some Kinematic Versus Dynamic Properties of
		  Homogeneous Turbulence",
  journal =	 JFM,
  year =	 1993,
  volume =	 247,
  pages =	 "65--77"
}

@Article{swhs91,
  author = 	 "C. R. Smith and J. D. A. Walker and A. H. Haidari
		  and U. Sobrun",
  title = 	 "On the Dynamics of Near-Wall Turbulence",
  journal =	 PTRSA,
  year =	 1991,
  volume =	 336,
  pages =	 "131--175"
}

@Article{tkd92,
  author = 	 "A. Tsinober and E. Kit and T. Dracos",
  title = 	 "Experimental Investigation of the Field of Velocity
		  Gradients in Turbulent Flows",
  journal =	 JFM,
  year =	 1992,
  volume =	 242,
  pages =	 "169--192"
}

@Article{tr68,
  author = 	 "H. J. Tucker and A. J. Reynolds",
  title = 	 "The Distortion of Turbulence by Irrotational Plane Strain",
  journal =	 JFM,
  year =	 1968,
  volume =	 32,
  number =	 4,
  pages =	 "657--673"
}

@Article{ube56,
  author = 	 "M. S. Uberoi",
  title = 	 "Effect of Wind-Tunnel Contraction on Free-Stream Turbulence",
  journal =	 JAS,
  year =	 1956,
  volume =	 23,
  pages =	 "754--764"
}

@Article{vie82,
  author = 	 "P. Vieillefosse",
  title = 	 "Local Interaction Between Vorticity and Shear in a
		  Perfect Incompressible Fluid",
  journal =	 "J.\,de Physique",
  year =	 1982,
  volume =	 43,
  pages =	 "837--842"

}

@Article{vm91,
  author = 	 "A. Vincent and M. Meneguzzi",
  title = 	 "The Spatial and Statistical Properties of
		  Homogeneous Turbulence",
  journal =	 JFM,
  year =	 1991,
  volume =	 225,
  pages =	 "1--20"
}

@Article{vm94,
  author = 	 "A. Vincent and M. Meneguzzi",
  title = 	 "The Dynamics of Vorticity Tubes in Homogeneous Turbulence",
  journal =	 JFM,
  volume =	 258,
  pages =	 "245--254"
}

@TechReport{wat94,
  author = 	 {Jonathan H. Watmuff},
  title = 	 {A High-Performance Constant-Temperature Hot-Wire
                  Anemometer},
  institution =  {NASA},
  year = 	 1994,
  type =	 {Contractor Report},
  number =	 177645
}

@Article{zang91a,
  author = 	 "Thomas A. Zang",
  title = 	 "Numerical Simulation of the Dynamics of Turbulent
		  Boundary Layers: Perspectives of a Transition Simulator",
  journal =	 PTRSA,
  year =	 1991,
  volume =	 336,
  pages =	 "95--102"
}

@Article{zs98,
  author = 	 {Mark V. Zagarola and Alexander J. Smits},
  title = 	 {Mean-Flow Scaling in Turbulent Pipe Flow},
  journal = 	 JFM,
  year = 	 1998,
  volume =	 373,
  pages =	 {33--79}
}

@Article{spsp99,
  author = 	 {Phillipe Spalart and Charles G. Speziale},
  title = 	 {A Note on Constraints in Turbulence Modelling},
  journal = 	 JFM,
  year = 	 1999,
  volume =	 391,
  pages =	 {373--376}
}

@Article{orfa97,
  author = 	 {P, Orlandi and M. Fatica},
  title = 	 {Direct Simulations of Turbulent Flow in a Pipe Rotating
                  About its Axis},
  journal = 	 JFM,
  year = 	 1997,
  volume =	 343,
  pages =	 {43--72}
}

@Article{klr97,
  author = 	 {V. Kol{\'{a}}{\v{r}} and D. A. Lyn and W. Rodi},
  title = 	 {Ensemble-Averaged Measurements in the Turbulent Near
                  Wake of Two Side-by-Side Square Cylinders},
  journal = 	 JFM,
  year = 	 1997,
  volume =	 346,
  pages =	 {201--237}
}

@Article{lilley83,
  author = 	 {G. M. Lilley},
  title = 	 {Vortices and Turbulence},
  journal = 	 AJ,
  year = 	 1983,
  pages =	 {371--393},
  month =	 {Dec.}
}

@Article{ovpo98,
  author = 	 {M. R. Overholt and S. B. Pope},
  title = 	 {A Deterministic Forcing Scheme for Direct Numerical
                  Simulations of Turbulence},
  journal = 	 CF,
  year = 	 1998,
  volume =	 27,
  number =	 1,
  pages =	 {11--28}
}

@Article{xnl04,
  author = 	 {Z. Xiong and S. Nagarajan and S. K. Lele},
  title = 	 {Simple Method for Generating Turbulent Inflow Conditions},
  journal = 	 AIAA,
  year = 	 2004,
  volume =	 42,
  number =	 10,
  pages =	 {2164--2166}
}

@Article{rehu72,
  author = 	 {W. C. Reynolds and A. K. M. F. Hussain},
  title = 	 {The Mechanics of an Organized Wave in Turbulent Shear Flow.
                  {Part} 3. {Theoretical} Models and Comparisons with 
                  Experiments},
  journal = 	 JFM,
  year = 	 1972,
  volume =	 41,
  number =	 {263--288}
}

@Article{wfkm05,
  author = 	 {W. Wei and P. Fife and J. Klewicki and P. McMurtry},
  title = 	 {Properties of the Mean Momentum Balance in Turbulent
                  Boundary Layer, Pipe and Channel Flows},
  journal = 	 JFM,
  year = 	 2005,
  volume =	 522,
  pages =	 {303--327}
}

