% $Id$
%%%%%%%%%%%%%%%%%%%%%%%%%%%%%%%%%%%%%%%%%%%%%%%%%%%%%%%%%%%%%%%%%%%%%%%%%%%%%%

@Article{roeat91,
  author = 	 {C. B. Rogers and J. K. Eaton},
  title = 	 {The Effect of Small Particles on Fluid Turbulence in a 
                  Flat-Plate, Turbulent Boundary Layer in Air},
  journal = 	 PoFA,
  year = 	 1991,
  volume =	 3,
  number =	 5,
  pages =	 {928--937}
}

@Book{bag66,
  author =	 {R. A. Bagnold},
  title = 	 {An Approach to the Sediment Transport Problem
                  from General Physics},
  publisher = 	 {U. S. Dept.\ Interior},
  year = 	 1966,
  series =	 {Geological Survey Prof.\ Paper 422-I}
}

@Article{feba01,
  author = 	 {Jim Ferry and S. Balachandar},
  title = 	 {A Fast {Eulerian} Method for Disperse Two-Phase Flow},
  journal = 	 IJMF,
  year = 	 2001,
  volume =	 27,
  pages =	 {1199-1226}
}

@Article{lmkp01,
  author = 	 {Yiming Li and J. B. McLaughlin and
                  K. Kontomaris and L. Portela},
  title = 	 {Numerical Simulation of Particle-Laden
                  Turbulent Channel Flow},
  journal = 	 PoF,
  year = 	 2001,
  volume =	 13,
  number =	 10,
  pages =	 {2957--2967}
}

@Article{roea91,
  author = 	 {C. B. Rogers and J. K. Eaton},
  title = 	 {The Effect of Small Particles on Fluid Turbulence in a 
                  Flat-Plate, Turbulent Boundary Layer in Air},
  journal = 	 PoFA,
  year = 	 1991,
  volume =	 3,
  number =	 5,
  pages =	 {928--937}
}

@Article{feea97,
  author = 	 {John R. Fessler and John K. Eaton},
  title = 	 {Particle Response to a Planar Sudden Expansion Flow},
  journal = 	 ETFS,
  year = 	 1997,
  volume =	 15,
  pages =	 {413--423}
}

@Article{wama93,
  author = 	 {Lian-Ping Wang and Martin R. Maxey},
  title = 	 {Settling Velocities and Concentration Distribution of
                  Heavy Particles in Homogeneous Isotropic Turbulence},
  journal = 	 JFM,
  year = 	 1993,
  volume =	 256,
  pages =	 {27--68}
}

@InCollection{lejo97,
  author = 	 {David Leith and Donna Lee Jones},
  title = 	 {Cyclones},
  booktitle = 	 {Handbook of Powder Science and Technology},
  pages =	 {727--752},
  publisher =	 {Chapman and Hall},
  year =	 1997,
  editor =	 {Muhammad E. Fayed and Lambert Otten},
  chapter =	 15,
  edition =	 {2nd}
}

@Article{dey99,
  author = 	 {Subhasish Dey},
  title = 	 {Sediment Threshold},
  journal = 	 AAM,
  year = 	 1999,
  volume =	 23,
  pages =	 {399--417}
}

@Article{and95,
  author = 	 "M. J. Andrews",
  title = 	 "Accurate Computation of Convective Transport in
		  Transient Two-Phase Flow",
  journal =	 IJNMF,
  year =	 1995,
  volume =	 21,
  pages =	 "205--222"
}

@InCollection{ande66,
  author = 	 "Alvin G. Anderson",
  title = 	 "Sedimentation",
  booktitle =	 "Handbook of Fluid Mechanics",
  publisher =	 "McGraw-Hill",
  year =	 1966,
  editor =	 "J. L. Streeter",
  chapter =	 18
}

@Article{anlo95,
  author = 	 "Steven L. Anderson and Ellen K. Longmire",
  title = 	 "Particle Motion in the Stagnation Zone of an
		  Impinging Air Jet",
  journal =	 JFM,
  year =	 1995,
  volume =	 299,
  pages =	 "333-366"
}

@Article{asce66,
  author = 	 "ASCE Committee on Sedimentation",
  title = 	 "Sediment Transportation Mechanics: Initiation of Motion",
  journal =	 JHD,
  year =	 1966,
  volume =	 "HY2",
  pages =	 "291--314"
}

@Article{asce70,
  author = 	 "ASCE Hydraulics Task Force",
  title = 	 "Sediment Transportation Mechanics: {J}. {Transportation}
		  of Sediment in Pipes",
  journal =	 JHD,
  year =	 1970,
  volume =	 "HY7",
  pages =	 "1503--1538"
}

@Article{aw73,
  author = 	 "Peter Ackers and William Rodney White",
  title = 	 "Sediment Transport: New Approach and Analysis",
  journal =	 JHD,
  year =	 1973,
  volume =	 "HY11",
  pages =	 "2041--2060"
}

@Article{bat74,
  author = 	 "G. K. Batchelor",
  title = 	 "Transport Properties of Two-Phase Materials with
		  Random Structure",
  journal =	 ARFM,
  year =	 1974,
  volume =	 6,
  pages =	 "227--255"
}

@Article{brh79,
  author = 	 "D. J. Brown and P. Hutchinson",
  title = 	 "The Interaction of Solid or Liquid Particles and
		  Turbulent Fluid Flow Fields --- A Numerical Simulation",
  journal =	 JFE,
  year =	 1988,
  volume =	 101,
  pages =	 "265--269"
}

@InCollection{bsa86,
  author = 	 "F. Boysan and J. Swithenbank and W. H. Ayers",
  title = 	 "Mathematical Modeling of Gas-Particle Flows in
		  Cyclone Separators",
  booktitle =	 "Encylopedia of Fluid Mechanics",
  publisher =	 "Gulf",
  year =	 1986,
  editor =	 "N. P. Cheremisinoff",
  volume =	 4,
  chapter =	 42,
  pages =	 "1307--1329"
}

@Article{c90,
  author = 	 "Charles S. Campbell",
  title = 	 "Rapid Granular Flows",
  journal =	 ARFM,
  year =	 1990,
  volume =	 22,
  pages =	 "57--92"
}

@Article{cct88,
  author = 	 {C. T. Crowe and J. N. Chung and T. R. Troutt},
  title = 	 {Particle Mixing in Free Shear Flows},
  journal = 	 {Prog. Energy Combust. Sci.},
  year = 	 1988,
  volume =	 14,
  pages =	 {171--194}
}

@Article{cl56,
  author = 	 "S. Corrsin and J. Lumley",
  title = 	 "On the Equation of Motion for a Particle in
		  Turbulent Fluid",
  journal =	 "App.\ Sci.\ Res.\,A",
  year =	 1956,
  volume =	 6,
  pages =	 "114--116"
}

@Article{ctc96,
  author = 	 {C. T. Crowe and T. R. Troutt and J. N. Chung},
  title = 	 {Numerical Models for Two-Phase Turbulent Flows},
  journal = 	 ARFM,
  year = 	 1996,
  volume =	 28,
  pages =	 {11--43}
}

@Article{delp75,
  author = 	 "M. A. Delichatsios and R. F. Probstein",
  title = 	 "Coagulation in Turbulent Flow: Theory and Experiment",
  journal =	 "J\,Colliod \& Interf.\ Sci.",
  year =	 1975,
  volume =	 5,
  number =	 3,
  pages =	 "394--405"
}

@InProceedings{desi91,
  author = 	 "E. Deutsch and O. Simonin",
  title = 	 "Large Eddy Simulation Applied to the Motion of
		  Particles in Stationary Homogeneous Fluid Turbulence",
  pages =	 "35--42",
  booktitle =	 "Turbulence Modification in Multiphase Flows",
  year =	 1991,
  organization = "ASME"
}

@InCollection{dil86,
  author = 	 "John Dirgo and David Leith",
  title = 	 "Design of Cyclone Separators",
  booktitle =	 "Encylopedia of Fluid Mechanics",
  publisher =	 "Gulf",
  year =	 1986,
  editor =	 "N. P. Cheremisinoff",
  volume =	 4,
  chapter =	 41,
  pages =	 "1281--1306"
}

@InCollection{dl93,
  author = 	 "D. A. Drew and R. T. Lahey, Jr.",
  title = 	 "Analytical Modelling of Multiphase Flow",
  booktitle =	 "Particulate Two-Phase Flow",
  publisher =	 "Butterworth--Heinemann",
  year =	 1993,
  editor =	 "M. C. Roco",
  chapter =	 16,
  pages =	 "509--566"
}

@Article{dosh85,
  author = 	 "Sudip Dosanjh and Joseph A. C. Humphrey",
  title = 	 "The Influence of Turbulence on Erosion by a
		  Particle-Laden Jet",
  journal =	 "Wear",
  year =	 1985,
  volume =	 102,
  pages =	 "309--330"
}

@Article{drew83,
  author = 	 "D. A. Drew",
  title = 	 "Mathematical Modelling of Two-Phase Flow",
  journal =	 ARFM,
  year =	 1983,
  volume =	 15,
  pages =	 "261--291"

}

@Article{drew90,
  author = 	 "D. A. Drew",
  title = 	 "The Plane Poiseuille Flow of a Particle--Fluid Mixture",
  journal =	 JFE,
  year =	 1990,
  volume =	 112,
  pages =	 "362--338"
}

@Article{dsrd91,
  author = 	 {M. Dadi and M. Stanislas and O. Rodriguez and A. Dyment},
  title = 	 {A Study by Holographic Velocimetry of the Behaviour of
                  Free Small Particles in a Flow},
  journal = 	 EF,
  year = 	 1991,
  volume =	 10,
  pages =	 {285--294}
}

@Article{dv92,
  author = 	 "T. Dabros and T. G. M. van de Ven",
  title = 	 "Hydrodynamic Interactions Betweem Two Spheres Near a
		  Solid Plane",
  journal =	 IJMF,
  year =	 1992,
  volume =	 18,
  number =	 5,
  pages =	 "751--764"
}

@Article{eaf94,
  author = 	 "J. K. Eaton and J. R. Fessler",
  title = 	 "Preferential Concentration of Particles by Turbulence",
  journal =	 IJMF,
  year =	 1994,
  volume =	 20,
  pages =	 "169--209"
}

@Article{ef82,
  author = 	 "Frank Engelund and J{\o}rgen Freds{\o}e",
  title = 	 "Sediment Ripples and Dunes",
  journal =	 ARFM,
  year =	 1982,
  volume =	 14,
  pages =	 "13--37"
}

@Article{elgho94,
  author = 	 "S. Elghobashi",
  title = 	 "On Predicting Particle-Laden Turbulent Flows",
  journal =	 ASR,
  year =	 1994,
  volume =	 52,
  pages =	 "309--329"
}

@Article{elghot93,
  author = 	 "S. Elghobashi and G. C. Truesdell",
  title = 	 "On the Two-Way Interaction Between Homogeneous
		  Turbulence and Dispersed Solid Particles. {I}:
		  {Turbulence} Modification",
  journal =	 PoFA,
  year =	 1993,
  volume =	 5,
  number =	 7,
  pages =	 "1790--1801"
}

@Article{elgoab83,
  author = 	 "S. E. Elghobashi and T. W. Abou-Arab",
  title = 	 "A Two-Equation Turbulence Model for Two-Phase Flows",
  journal =	 PoF,
  year =	 1983,
  volume =	 26,
  number =	 4,
  pages =	 "931--938"
}

@Article{esrm84,
  author = 	 "S. Elghobashi and T. Abou-Arab and M. Rizk and A. Mostafa",
  title = 	 "Prediction of the Particle-Laden Jet with a
		  Two-Equation Turbulence Model",
  journal =	 IJMF,
  year =	 1984,
  volume =	 10,
  number =	 6,
  pages =	 "697--710"
}

@Article{fhj94,
  author = 	 "J. Feng and H. H. Hu and D. D. Joseph",
  title = 	 "Direct Simulation of Initial Value Problems for the
		  Motion of Solid Bodies in a {Newtonian} Fluid.  Part~2.
                 {Couette} and {Poiseuille} Flows",
  journal =	 JFM,
  year =	 1994,
  volume =	 277,
  pages =	 "271--301"
}

@Article{fpg92,
  author = 	 "Q. Hassonjee, R. Pfeffer and P. Ganatos",
  title = 	 "Behavior of Multiple Spheres in Shear and {Poiseuille}
		  Flow at Low {Reynolds} Number",
  journal =	 IJMF,
  year =	 1992,
  volume =	 18,
  number =	 3,
  pages =	 "353--370"
}

@Article{gbp84,
  author = 	 "G. Gouesbet and A. Berlemont and A. Picart",
  title = 	 "Dispersion of Discrete Particles by Continuous
		  Motions.  {Extensive} Discussion of the {Tchen's}
		  Theory, Usind a Two-Parameter Family of {Lagrangian}
		  Correlation Functions",
  journal =	 PoF,
  year =	 1984,
  volume =	 27,
  number =	 4,
  pages =	 "827--837"
}

@Article{grass70,
  author = 	 "Anthony J. Grass",
  title = 	 "Initial Instability of Fine Bed Sand",
  journal =	 JHD,
  year =	 1970,
  volume =	 "HY3",
  pages =	 "619--631"
}

@Article{hail89,
  author = 	 "A. Haider and O. Levenspiel",
  title = 	 "Drag Coefficient and Terminal Velocity of Spherical
		  and Nonspherical Particles",
  journal =	 PT,
  year =	 1989,
  volume =	 58,
  pages =	 "63--70"
}

@Article{halow73,
  author = 	 "John S. Halow",
  title = 	 "Incipient Rolling, Sliding and Suspension of
		  Particles in Horizontal and Inclined Turbulent Flow",
  journal =	 CES,
  year =	 1973,
  volume =	 28,
  pages =	 "1--12"
}

@Article{hinze55,
  author = 	 "J. O. Hinze",
  title = 	 "Fundamentals of the Hydrodynamic Mechanism of
		  Splitting in Dispersion Processes",
  journal =	 AIChEJ,
  year =	 1955,
  volume =	 1,
  number =	 3,
  pages =	 "289--295"
}

@Article{hinze72,
  author = 	 "J. O. Hinze",
  title = 	 "Turbulent Fluid and Particle Interaction",
  journal =	 "Prog.\ Heat Mass Transfer",
  year =	 1972,
  volume =	 6,
  pages =	 "433--452"
}

@Article{hogg94,
  author = 	 "Andrew J. Hogg",
  title = 	 "The Inertial Migration of Non-Neutrally Buoyant
		  Spherical Particles in Two-Dimensional Shear Flows",
  journal =	 JFM,
  year =	 1994,
  volume =	 272,
  pages =	 "285--318"
}

@Article{jl78,
  author = 	 "Peter J. Jones and L. S. Leung",
  title = 	 "A Comparison of Correlations for Saltation Velocity
		  in Horizontal Pneumatic Conveying",
  journal =	 IECPDD,
  year =	 1978,
  volume =	 17,
  number =	 4,
  pages =	 "571--575"
}

@Article{jt94,
  author = 	 "Yong-Du Jun and Widen Tabakoff",
  title = 	 "Numerical Simulation of a Dilute Particulate Flow
		  (Laminar) Over Tube Banks",
  journal =	 JFE,
  year =	 1994,
  volume =	 116,
  pages =	 "770--777"
}

@Article{kfe94,
  author = 	 "J. D. Kulick and J. R. Fessler and J. K. Eaton",
  title = 	 "Particle Response and Turbulence Modification in
		  Fully Developed Channel Flow",
  journal =	 JFM,
  year =	 1994,
  volume =	 277,
  pages =	 "109--134"
}

@Article{kg93,
  author = 	 "D. D. Kladas and D. P. Georgiou",
  title = 	 "A Relative Examination of $C_{d}$--$Re$
		  Relationships Used in Particle Trajectory Calculations",
  journal =	 "ASME Journal of Fluids Engineering",
  year =	 1993,
  volume =	 115,
  pages =	 "162--165"
}

@InProceedings{kh79,
  author = 	 "R. O. Keys and R. Hogg",
  title = 	 "Mixing Problems in Polymer Flocculation",
  volume =	 75,
  number =	 190,
  pages =	 "63--72",
  booktitle =	 "AIChE Symposium Series",
  year =	 1979
}

@TechReport{kmt91,
  author = 	 "Douglas B. Kothe and Raymond C. Mjolsness and Martin
		  D. Torrey",
  title = 	 "{RIPPLE}: {A} Computer Program for Incompressible
		  Flows with Free Surfaces",
  institution =  "Los Alamos National Laboratories",
  year = 	 1991,
  number =	 "LA-12007-MS"
}

@InProceedings{kprv94,
  author = 	 "B. A. Kashiwa and N. T. Padial and R. M. Rauenzahn
		  and W. B. VanderHeyden",
  title = 	 "A Cell-Centered {ICE} Method for Multiphase Flow
		  Simulations",
  booktitle =	 "Sympo.\ Num.\ Meth.\ Multiph.\ Flows.",
  year =	 1994,
  publisher =	 "ASME",
  address =	 "Lake Tahoe"
}

@InProceedings{kr94,
  author = 	 "B. A. Kashiwa and R. M. Rauenzahn",
  title = 	 "A Multimaterial Formalism",
  booktitle =	 "Sympo.\ Num.\ Meth.\ Multiph.\ Flows.",
  year =	 1994,
  publisher =	 "ASME",
  address =	 "Lake Tahoe"
}

@Article{la86,
  author = 	 "D. Leighton and A. Acrivos",
  title = 	 "Viscous Resuspension",
  journal =	 CES,
  year =	 1986,
  volume =	 41,
  pages =	 1377
}

@Article{la87,
  author = 	 "David Leighton and Andreas Acrivos",
  title = 	 "The Shear-Induced Migration of Particles in
		  Concentrated Suspensions",
  journal =	 JFM,
  year =	 1987,
  volume =	 181,
  pages =	 "415--439"
}

@Article{lfac70,
  author = 	 "Albert R. LeFeuvre and Hilmi D. Altenbilek and
		  Marion R. Carstens",
  title = 	 "Sediment-Pickup Function",
  journal =	 JHD,
  year =	 1970,
  volume =	 "HY10",
  pages =	 "2051--2063"
}

@Article{lmhj99,
  author = 	 {C. Li and A. Mosyak and G. Hetsroni},
  title = 	 {Direct Numerical Simulation of Particle-Turbulence
                  Interaction},
  journal = 	 IJMF,
  year = 	 1999,
  volume =	 25,
  pages =	 {187--200}
}

@Article{m88,
  author = 	 "E. E. Michaelides",
  title = 	 "On the Drag Coefficient and the Correct Integration
		  of the Equation of Motion of Particles in Gases",
  journal =	 JFE,
  year =	 1988,
  volume =	 110,
  pages =	 "339--341"
}

@Article{mah91,
  author = 	 "Renwei Mei and Ronald J. Adrian and Thomas J. Hanratty",
  title = 	 "Particle Dispersion in Isotropic Turbulence Under
		  {Stokes} drag and {Basset} Force with Gravitational
		  Settling",
  journal =	 JFM,
  year =	 1991,
  volume =	 225,
  pages =	 "481--495"
}

@Article{mar70,
  author = 	 "Frank E. Marble",
  title = 	 "Dynamics of Dusty Gases",
  journal =	 ARFM,
  year =	 1970,
  volume =	 2,
  pages =	 "397--446"
}

@Article{mcl94,
  author = 	 "J. B. McLaughlin",
  title = 	 "Numerical Computation of Particles-Turbulence Interaction",
  journal =	 IJNMF,
  year =	 1994,
  volume =	 20,
  pages =	 "211-232"
}

@Article{mich97,
  author = 	 {E. E. Michaelides},
  title = 	 {Review --- The Transient Equation of Motion for 
                  Particles, Bubbles, and Droplets},
  journal = 	 JFE,
  year = 	 1997,
  volume =	 119,
  pages =	 {233--247}
}

@Article{mkm77,
  author = 	 {Shieru Matsumoto and Makato Kikuta and Siro Maeda},
  title = 	 {Effect of Particle Size on the Minimum Transport Velocity
                 For Horizontal Pneumatic Conveying of Solids},
  journal = 	 {J. Chem.\ Engng Japan},
  year = 	 1977,
  volume =	 10,
  number =	 4,
  pages =	 {273--279}
}

@Article{mnb95,
  author = 	 "A. M. Mollinger and F. T. M. Nieuwstadt and J. M. Bessem",
  title = 	 "A New Device to Measure the Lift Force on a Particle
		  in the Viscous Sublayer",
  journal =	 "Meas.\ Sci.\ Technol.",
  year =	 1995,
  volume =	 6,
  pages =	 "206--213"
}

@Article{moln96,
  author = 	 "A. M. Mollinger and F. T. M. Nieuwstadt",
  title = 	 "Measurement of the Lift Force on an Particle Fixed
		  to the Wall in the Viscous Sublayer of a Fully
		  Developed Turbulent Boundary Layer",
  journal =	 JFM,
  year =	 1996,
  volume =	 316,
  pages =	 "285--306"
}

@Article{nig96,
  author = 	 {Y. Ni{\~{n}}o and M. H. Garcia},
  title = 	 {Experiments on Particle--Turbulence Interactions in the
                 Near-Wall Region of an Open Channel Flow: Implications
                 for Sediment Transport},
  journal = 	 JFM,
  year = 	 1996,
  volume =	 326,
  pages =	 {285--319}
}

@Article{oepe93,
  author = 	 "B. Oesterle and A. Petitjean",
  title = 	 "Simulation of Particle-To-Particle Interactions in
		  Gas-Solid Flows",
  journal =	 IJMF,
  year =	 1993,
  volume =	 19,
  number =	 1,
  pages =	 "199--211"
}

@Article{pers85,
  author = 	 "N. Peronius and T. J.Sweeting",
  title = 	 "On the Correlation of Minimum Porosity with Particle
		  Size Distribution",
  journal =	 PT,
  year =	 1985,
  volume =	 42,
  pages =	 "113--121"
}

@Article{pmb92,
  author = 	 "S. Pedinotti and G. Mariotti and S. Banerjee",
  title = 	 "Direct Numerical Simulation of Particle Behaviour in
		  the Wall Region of Turbulent Flows in Horizontal Channels",
  journal =	 IJMF,
  year =	 1992,
  volume =	 18,
  number =	 6,
  pages =	 "927--941"
}

@InCollection{qim86,
  author = 	 "Exchange and Transport Rate of Bed Load",
  title = 	 "Han Qiwei and He Mingmin",
  booktitle =	 "Encylopedia of Fluid Mechanics",
  publisher =	 "Gulf",
  year =	 1986,
  editor =	 "N. P. Cheremisinoff",
  volume =	 6,
  chapter =	 18,
  pages =	 "761--791"
}

@Article{rizel89,
  author = 	 "M. A. Rizk and S. E. Elghobashi",
  title = 	 "A Two-Equation Turbulence Model for Dispersed Dilute
		  Confined Two-Phase Flows",
  journal =	 IJMF,
  year =	 1989,
  volume =	 15,
  number =	 1,
  pages =	 "119--133"
}

@Article{rocsh85,
  author = 	 "M. C. Roco and C. A. Shook",
  title = 	 "Turbulent Flow of Incompressible Mixtures",
  journal =	 JFE,
  year =	 1985,
  volume =	 107,
  pages =	 "224--231"
}

@TechReport{s36,
  author = 	 "A. Shields",
  title = 	 "Anwendung der Aehnlichkeitsmechanik und der
		  Turbulenzforschung auf die Geschiebebewegung",
  institution =  "Prussian Research Institute for Hydraulic
		  Engineering and Naval Architecture",
  year = 	 1936,
  address =	 "Berlin"
}

@Article{s92,
  author = 	 "M. Sommerfeld",
  title = 	 "Modelling of Particle--Wall Collisions in Confined
		  Gas--Particle Flows",
  journal =	 IJMF,
  year =	 1992,
  volume =	 18,
  number =	 6,
  pages =	 "905--926"
}

@Article{saz90,
  author = 	 "U. Schaflinger and A. Acrivos and K. Zhang",
  title = 	 "Viscous Resuspension of a Sediment Within a Laminar
		  and Stratified Flow",
  journal =	 IJMF,
  year =	 1990,
  volume =	 16,
  number =	 4,
  pages =	 "567--578"
}

@Article{sdl94,
  author = 	 "Richard Saurel and Eric Daniel and Jean Claude Loraud",
  title = 	 "Two-Phase Flows: Second-Order Schemes and Boundary
		  Conditions",
  journal =	 AIAAJ,
  year =	 1994,
  volume =	 32,
  number =	 6,
  pages =	 "1214--1221"
}

@InProceedings{slc94,
  author = 	 "C. W. Stewart and L. M. Liljegren and C. T. Crowe",
  title = 	 "A New Concept for Computational Simulation of
		  General Multi-Field Flows",
  volume =	 "FED-185",
  booktitle =	 "Numerical Methods in Multiphase Flows",
  organization = "ASME"
}

@Article{somq93,
  author = 	 {M. Sommerfeld and H.-H. Qui},
  title = 	 {Characterization of Particle-Laden, Confined Swirling
                  Flows by Phase-{Doppler} Anemometry and
                  Numerical Calculation},
  journal = 	 IJMF,
  year = 	 1993,
  volume =	 19,
  pages =	 {1093--1127}
}

@Article{srr92,
  author = 	 "A. Salhi and C. Rey and J. M. Rosant",
  title = 	 "Pressure Drop in Single-Phase and Two-Phase
		  {Couette}--{Poiseuille} Flow",
  journal =	 JFE,
  year =	 1992,
  volume =	 114,
  pages =	 "80--84"
}

@Article{ssh89,
  author = 	 "M. J. Schuh and C. A. Schuler and J. A. C. Humphrey",
  title = 	 "Numerical Calculation of Particle-Laden Gas Flows
		  Past Tubes",
  journal =	 AIChEJ,
  year =	 1989,
  volume =	 35,
  number =	 3,
  pages =	 "466--480"
}

@Article{stoc96,
  author = 	 "David E. Stock",
  title = 	 "Particle Dispersion in Flowing Gases --- 1994
		  {Freeman} {Scholar} Lecture",
  journal =	 JFE,
  year =	 1996,
  volume =	 118,
  pages =	 "4--17"
}

@Article{sul91,
  author = 	 "Deborah Sulsky",
  title = 	 "A Numerical Method for Suspension Flow",
  journal =	 JCP,
  year =	 1991,
  volume =	 96,
  pages =	 "339--368"
}

@Article{t61,
  author = 	 "David G. Thomas",
  title = 	 "Transport Characterisitics of Suspensions: {II.}
		  Minimum Transport Velocity for Flocculated
		  Suspensions in Horizontal Pipes",
  journal =	 AIChEJ,
  year =	 1961,
  volume =	 7,
  number =	 3,
  pages =	 "423--437"
}

@Article{t62,
  author = 	 "David G. Thomas",
  title = 	 "Transport Characterisitics of Suspensions: {VI.}
		  Minimum Transport Velocity for Large Particle Size
		  Suspensions in Round Horizontal Pipes",
  journal =	 AIChEJ,
  year =	 1962,
  volume =	 8,
  number =	 3,
  pages =	 "373--378"
}

@Article{t64,
  author = 	 "David G. Thomas",
  title = 	 "Turbulent Disruption of Floc in Small Particle Size
		  Suspensions",
  journal =	 AIChEJ,
  year =	 1964,
  volume =	 10,
  number =	 4,
  pages =	 "517--523"
}

@Article{tb78a,
  author = 	 "D. T. Tomi and D. F. Bagster",
  title = 	 "The Behaviour of Aggregates in Strirred
		  Vessels. {Part I}---{Theoretical} Considerations on
		  the Effects of Agitation",
  journal =	 TIChE,
  year =	 1978,
  volume =	 56,
  pages =	 "1--8"
}

@Article{tb78b,
  author = 	 "D. T. Tomi and D. F. Bagster",
  title = 	 "The Behaviour of Aggregates in Strirred
		  Vessels. {Part II}---{An} Experimental Study of the
		  Flocculation of Galena in a Strirred Tank",
  journal =	 TIChE,
  year =	 1978,
  volume =	 56,
  pages =	 "9--18"
}

@Article{tv72,
  author = 	 "Brent D. Taylor and Vito A. Vanoni",
  title = 	 "Temperature Effects in Low-Transport, Flat-Bed Flows",
  journal =	 JHD,
  year =	 1972,
  volume =	 "HY8",
  pages =	 "1427--1445"
}

@Article{w40,
  author = 	 "C. M. White",
  title = 	 "The Equilibrium of Grains on the Bed of a Stream",
  journal =	 "Proc.\ Roy.\ Soc.\,A",
  year =	 1940,
  volume =	 174,
  pages =	 "322--338"
}

@InCollection{wan86,
  author = 	 "Critical Velocity in Multisize Particle Transport
		  Through Pipes",
  title = 	 "G. A. Wani",
  booktitle =	 "Encylopedia of Fluid Mechanics",
  publisher =	 "Gulf",
  year =	 1986,
  editor =	 "N. P. Cheremisinoff",
  volume =	 5,
  chapter =	 4,
  pages =	 "155--187"
}

@Article{was96,
  author = 	 "Q. Wang and K. D. Squires",
  title = 	 "Large Eddy Simulation of Particle Deposition in a
		  Vertical Turbulent Channel Flow",
  journal =	 IJMF,
  year =	 1996,
  volume =	 22,
  number =	 4,
  pages =	 "667--683"
}

@InCollection{whi86,
  author = 	 "B. R. White",
  title = 	 "Particle Dynamics in Two-Phase Flows",
  booktitle =	 "Encylopedia of Fluid Mechanics",
  publisher =	 "Gulf",
  year =	 1986,
  editor =	 "N. P. Cheremisinoff",
  volume =	 4,
  chapter =	 8,
  pages =	 "239--282"
}

@InProceedings{wyp93,
  author = 	 {P. W. Wypych},
  title = 	 {Optimising and Uprating Pneumatic Transport Systems},
  booktitle = 	 {Bulk Materials Handling},
  number =	 {93/8},
  year =	 1993,
  publisher =	 {I. E. Aust.},
  address =	 {Yeppoon},
  month =	 {September},
  pages =	 {197--203}
}

@Article{yctc93,
  author = 	 "Y. Yang and J. N. Chung and T. R. Troutt and C. T. Crowe",
  title = 	 "The Effects of Particles on the Stability of a
		  Two-Phase Wake Flow",
  journal =	 IJMF,
  year =	 1993,
  volume =	 19,
  number =	 1,
  pages =	 "137--149"
}

@Article{z64,
  author = 	 "Frederick A. Zenz",
  title = 	 "Conveyability of Materials of Mixed Particle Size",
  journal =	 IECF,
  year =	 64,
  volume =	 3,
  number =	 1,
  pages =	 "65--75"
}

@Article{atp99,
  author = 	 {B. J. Azzopardi and S. F. C. F. Teixeira and C. I. Pulford},
  title = 	 {A Quasi-One-Dimensional Model for Gas/Solid Flows
                  in Venturis},
  journal = 	 PT,
  year = 	 1999,
  volume =	 102,
  pages =	 {281--288}
}

@InProceedings{brown01,
  author = 	 {G. J. Brown},
  title = 	 {{CFD} Prediction of Particle and Fluid Residence  Times
                  in Industrial Vessels},
  booktitle =	 {6th World Congress Chem.\ Engng},
  year =	 2001,
  address =	 {Melbourne},
  month =	 {September}
}

@Article{jsb77,
  author = 	 {G. E. H. Joosten and J. G. M. Schilder and A. M. Broere},
  title = 	 {The Suspension of Floating Solids in Stirred Vessels},
  journal = 	 {Trans.\ I\,Chem.\ E},
  year = 	 1977,
  volume =	 55,
  pages =	 {220--222}
}

@Article{bafr89,
  author = 	 {A. Bakker and J. J. Frijlink},
  title = 	 {The Drawdown and Dispersion of Floating Solids in Aerated
                  and Unaerated Stirred Vessels},
  journal = 	 CERD,
  year = 	 1989,
  volume =	 67,
  pages =	 {208--210}
}

@Article{govmpben03,
  author = 	 {F. Gentile and H. Oleschko and P. Veverka and
                  V. Macho{\v{n}} and A. Pagianti and W. Bujalski and 
                  A. W. Etchells {III} and A. W. Nienow},
  title = 	 {Some Effects of Particle Wettability in Agitated
                  Solid--Gas--Liquid Systems: Gas--Liquid Mass Transfer and
                  the Dispersion of Floating Solids},
  journal = 	 CJCE,
  year = 	 2003,
  volume =	 81,
  pages =	 {581--587}
}

