@Article{bog96,
  author = 	 "D. V. Boger",
  title = 	 "Viscoelastic Fluid Mechanics: {Interaction} Between
		  Prediction and Experiment",
  journal =	 ETFS,
  year =	 1996,
  volume =	 12,
  pages =	 "234--243"
}

