% $Id$

@Article{zhda97,
  author = 	 {Jianfeng Zhang and Charles Dalton},
  title = 	 {Interaction of Steady Approach Flow and a Circular Cylinder
                  Undergoing Forced Oscillation},
  journal = 	 JFE,
  year = 	 1997,
  volume =	 119,
  pages =	 {808--813}
}

@Article{slr01,
  author = 	 {D. Sheils and A. Leonard and A. Roshko},
  title = 	 {Flow-Induced Vibration of a Circular Cylinder 
                  at Limiting Structural Parameters},
  journal = 	 JFS,
  year = 	 2001,
  volume =	 15,
  pages =	 {3--21}
}

@InProceedings{guqu00,
  author = 	 {E. Guilimineau and P. Queutey},
  title = 	 {A Numerical Simulation of the Response of a
                  Vortex-Excited Cylinder},
  booktitle = 	 {Flow-Induced Vibration},
  pages =	 {257--264},
  year =	 2000,
  editor =	 {Ziada~\& Staubli},
  address =	 {Luzerne},
  month =	 {July},
  publisher =	 {Balkema}
}

@InProceedings{wigr00,
  author = 	 {R. H. J. Willden and J. M. R. Graham},
  title = 	 {Vortex Induced Vibration of Deep water Risers},
  booktitle = 	 {Flow-Induced Vibration},
  pages =	 {29--36},
  year =	 2000,
  editor =	 {Ziada~\& Staubli},
  address =	 {Luzerne},
  month =	 {July},
  publisher =	 {Balkema}
}

@Article{gowi00,
  author = 	 {R. Govardhan and C. H. K. Williamson},
  title = 	 {Modes of Vortex Formation
                  and Frequency Response of a Freely-Vibrating Cylinder},
  journal = 	 JFM,
  year = 	 2000,
  volume =	 420,
  pages =	 {85--130}
}

@InProceedings{adsz72,
  author = 	 {Angrilli, F. and Di Silvio, G. and Zanardo, A.},
  title = 	 {Hydroelasticity Study of a Circular Cylinder
                  in a Water Stream},
  booktitle = 	 {Flow-Induced Structural Vibrations},
  pages =	 {504--512},
  year =	 1972,
  editor =	 {E. Naudascher},
  address =	 {IUTAM--IAHR Symposium, Karlsruhe},
  publisher =	 {Springer}
}

@Article{ana94,
  author = 	 "P. Anagnostopoulos",
  title = 	 "Numerical Investigation of Response and Wake
		  Characteristics of a Vortex-Excited Cylinder in a
		  Uniform Stream",
  journal =	 JFS,
  year =	 1994,
  volume =	 8,
  pages =	 "367--390"
}

@Article{ap92,
  author = 	 "P. Anagnostopoulos and P. W. Bearman",
  title = 	 "Response Characteristics of a Vortex-Excited
		  Cylinder at Low {Reynolds} Numbers",
  journal =	 JFS,
  year =	 1992,
  volume =	 6,
  pages =	 "39--50"
}

@Article{bals96,
  author = 	 "S. Balasubramanian and R. A. Skop",
  title = 	 "A Nonlinear Oscillator Model for Vortex Shedding
		  From Cylinders and Cones in Uniform and Shear Flows",
  journal =	 JFS,
  year =	 1996,
  volume =	 10,
  pages =	 "197--214"
}

@Article{bdy89,
  author = 	 {H. M. Badr and S. C. R. Dennis and P. J. S. Young},
  title = 	 {Steady and Unsteady Flow Past an Oscillating Cylinder at
                  Low {Reynolds} Numbers},
  journal = 	 CF,
  year = 	 1989,
  volume =	 17,
  number =	 4,
  pages =	 {579--609}
}


@Article{beac79,
  author = 	 {P. W. Bearman and I. G. Currie},
  title = 	 {Pressure-Fluctuation Measurements on an Oscillating
                 Circular Cylinder},
  journal = 	 JFM,
  year = 	 1979,
  volume =	 91,
  number =	 4,
  pages =	 {661-677}
}


@Article{bear84,
  author = 	 "P. W. Bearman",
  title = 	 "Vortex Shedding from Oscillating Bluff Bodies",
  journal =	 ARFM,
  year =	 1984,
  volume =	 16,
  pages =	 "195--222"
}

@Article{berg88,
  author = 	 "E. Berger",
  title = 	 "On a Mechanism of Vortex Excited Oscillations of a
		  Cylinder",
  journal =	 JWEIA,
  year =	 1988,
  volume =	 28,
  pages =	 "301--310"
}

@Article{bh64a,
  author = 	 "R. E. D. Bishop and A. Y. Hassan",
  title = 	 "The Lift and Drag Forces on a Circular Cylinder
		  in a Flowing Fluid",
  journal =	 PTRSA,
  year =	 1964,
  volume =	 277,
  pages =	 "32--50"
}

@Article{bh64b,
  author = 	 "R. E. D. Bishop and A. Y. Hassan",
  title = 	 "The Lift and Drag Forces on a Circular Cylinder
		  Oscillating in a Flowing Fluid",
  journal =	 PTRSA,
  year =	 1964,
  volume =	 277,
  pages =	 "51-75"
}

@Article{bl93,
  author = 	 "D. Brika and A. Laneville",
  title = 	 "Vortex-Induced Vibrations of a Long Flexible
		  Circular Cylinder",
  journal =	 JFM,
  year =	 1993,
  volume =	 250,
  pages =	 "481--508"
}

@Article{bl95,
  author = 	 "D. Brika and A. Laneville",
  title = 	 "An Experimental Study of the Aeolian Vibrations of a
		  Flexible Circular Cylinder at Different Incidences",
  journal =	 JFS,
  year =	 1995,
  volume =	 9,
  pages =	 "371--391"
}

@Article{chi87,
  author = 	 "R. Chilukuri",
  title = 	 "Incompressible Laminar Flow Past a Transversely
		  Vibrating Cylinder",
  journal =	 JFE,
  year =	 1987,
  volume =	 109,
  pages =	 "166--171"
}

@Article{chkw85,
  author = 	 "C. H. K. Williamson",
  title = 	 "Sinusoidal Flow Relative to Circular Cylinders",
  journal =	 JFM,
  year =	 1985,
  volume =	 155,
  pages =	 "141--174"
}

@Article{chr96,
  author = 	 {C. K. Chyu and D. Rockwell},
  title = 	 {Near-Wake Structure of an Oscillating Cylinder:
                 Effect of Controlled Shear-Layer Vortices},
  journal = 	 JFM,
  year = 	 1996,
  volume =	 322,
  pages =	 {21--49}
}

@Article{cop93,
  author = 	 "R. M. Corless and G. V. Parkinson",
  title = 	 "Mathematical Modelling of the Combined Effects of
		  Vortex-Induced Vibration and Galloping. {Part}~{II}",
  journal =	 JFS,
  year =	 1993,
  volume =	 7,
  pages =	 "825--848"
}

@Article{corp88,
  author = 	 "R. M. Corless and G. V. Parkinson",
  title = 	 "A Model of the Combined Effects of Vortex-Induced
		  Oscillation and Galloping",
  journal =	 JFS,
  year =	 1988,
  volume =	 2,
  pages =	 "203--220"
}

@Article{cwj76,
  author = 	 "S. S. Chen and M. W. Wambsganss and J. A. Jendrzejczyk",
  title = 	 "Added Mass and Damping of a Vibrating Rod in a
		  Confined Viscous Fluid",
  journal =	 JAM,
  year =	 1996,
  pages =	 "325--329",
  month =	 "June"
}

@Article{ddbl98,
  author = 	 {H. D{\"{u}}tsch and F. Durst and S. Becker and H. Lienhart},
  title = 	 {Low-{Reynolds}-Number Flow Around an Oscillating Cylinder
                  at Low {Keulegan}--{Carpenter} Numbers},
  journal = 	 JFM,
  year = 	 1998,
  volume =	 360,
  pages =	 {249--271}
}

@InProceedings{denh34,
  author = 	 "Den Hartog, J. P.",
  title = 	 "The Vibration Problem in Engineering",
  pages =	 "36--53",
  booktitle =	 "Proc. 4th Int.\ Congr.\ Appl.\ Mech.",
  year =	 1934
}

@Article{dow81,
  author = 	 "E. H. Dowell",
  title = 	 "Non-Linear Oscillator Models in Bluff Body
		  Aeroelasticity",
  journal =	 JSV,
  year =	 1981,
  volume =	 75,
  number =	 2,
  pages =	 "251--264"
}

@Article{evgk99,
  author = 	 {Constantinos Evangelinos and George Em Karniadakis},
  title = 	 {Dynamics and Flow Structures in the Turbulent Wake
                  of Rigid and Flexible Cylinders Subject to 
                  Vortex-Induced Vibrations},
  journal = 	 JFM,
  year = 	 1999,
  volume =	 400,
  pages =	 {91--124}
}

@MastersThesis{feng68,
  author = 	 {C. C. Feng},
  title = 	 {The Measurement of Vortex-Induced Effects in Flow Past 
                  Stationary and Oscillating Circular and {D}-Section
                  Cylinders},
  school = 	 {University of British Columbia},
  year = 	 1968
}

@InProceedings{for68,
  author = 	 "H. F{\"{o}}rsching",
  title = 	 "Aeroelastic Instability Investigations on Prismatic
		  Beams",
  pages =	 "22.1--5",
  booktitle =	 "Symp.\ Wind Effects Build.\ Struct.",
  year =	 1968,
  address =	 "Loughborough University"
}

@Article{gcr95,
  author = 	 "W. Gu and C. Chyu and D. Rockwell",
  title = 	 "Timing of Vortex Formation From an Oscillating Cylinder",
  journal =	 PoF,
  year =	 1994,
  volume =	 6,
  number =	 11,
  pages =	 "3677--3682"
}

@PhdThesis{gharib99,
  author = 	 {Mohammad Reza Gharib},
  title = 	 {Vortex-Induced Vibration, Absence of Lock-in
                  and Fluid Force Deduction},
  school = 	 {California Institute of Technology},
  year = 	 1999
}

@Article{gk77,
  author = 	 "O. M. Griffin and G. H. Koopmann",
  title = 	 "The Vortex-Excited Lift and Reaction Forces on
		  Resonantly Vibrating Cylinders",
  journal =	 JSV,
  year =	 1977,
  volume =	 54,
  number =	 3,
  pages =	 "435--448"
}

@Article{gr74,
  author = 	 "Owen M. Griffin and Steven E. Ramberg",
  title = 	 "The Vortex-Street Wakes of Vibrating Cylinders",
  journal =	 JFM,
  year =	 1974,
  volume =	 66,
  number =	 3,
  pages =	 "533-576"
}

@Article{gram82,
  author = 	 "O. M. Griffin and S. E. Ramberg",
  title = 	 "Some Recent Studies of Vortex Shedding With
		  Application to Marine Tubulars and Risers",
  journal =	 JERT,
  year =	 1982,
  volume =	 104,
  pages =	 "2--13"
}

@Article{grh91,
  author = 	 "O. M. Griffin and M. S. Hall",
  title = 	 "Review --- Vortex Shedding Lock-On and Flow Control
		  in Bluff Body Wakes",
  journal =	 JFE,
  year =	 1991,
  volume =	 113,
  pages =	 "526--537"
}

@Article{gri72a,
  author = 	 "O. M. Griffin",
  title = 	 "Flow Near Self-Excited and Forced Vibrating Cylinders",
  journal =	 JEI,
  year =	 1972,
  pages =	 "539--547",
  month =	 "May"
}

@InProceedings{gri72b,
  author = 	 "O. M. Griffin",
  title = 	 "Effects of Synchronized Cylinder Vibration on Vortex
		  Formation and Mean Flow",
  editor =	 "E. Naudascher",
  pages =	 "454--470",
  booktitle =	 "Flow-Induced Structural Vibrations",
  year =	 1972,
  publisher =	 "IUTAM--IAHR",
  address =	 "Karlsruhe",
  month =	 "August"
}

@InProceedings{gri92,
  author = 	 "Owen M. Griffin",
  title = 	 "Vortex-Induced Vibrations of Marine Structures in
		  Uniform and Sheared Currents",
  booktitle =	 "Workshop on Riser Dynamics",
  year =	 1992,
  organization = "NSF"
}

@Article{gsk73,
  author = 	 "O. M. Griffin and R. A. Skop and G. H. Koopmann",
  title = 	 "The Vortex-Excited Resonant Vibrations of Circular
		  Cylinders",
  journal =	 JSV,
  year =	 1973,
  volume =	 31,
  number =	 2,
  pages =	 "235--249"
}

@Article{gw00,
  author = 	 {R. Govardhan and C. H. K. Williamson},
  title = 	 {Modes of Vortex Formation and Frequency Response
                  of a Freely Vibrating Cylinder},
  journal = 	 JFM,
  year = 	 2000,
  volume =	 420,
  pages =	 {85--130}
}

@Article{gw01,
  author = 	 {R. N. Govardhan and C. H. K. Williamson},
  title = 	 {Mean and Fluctuauing Velocity Fields in the Wake of
                  a Freely Vibrating Cylinder},
  journal = 	 JFS,
  year = 	 2001,
  note =	 {Submitted}
}

@Article{harcu70,
  author = 	 "Ronald T. Hartlen and Iain G. Currie",
  title = 	 "Lift-Oscillator Model of Vortex-Induced Vibration",
  journal =	 EM,
  year =	 1970,
  volume =	 96,
  number =	 "EM5",
  pages =	 "577--590"
}

@Article{hjsa96,
  author = 	 "M. N. Hamdan and B. A. Jubran and N. H. Shabaneh and
		  M. Abu-Samak",
  title = 	 "Comparison of Various Basic Wavelets for the
		  Analysis of Flow-Induced Vibration of a Cylinder in
		  Cross Flow",
  journal =	 JFS,
  year =	 1996,
  volume =	 10,
  pages =	 "633--651"
}

@Article{honji81,
  author = 	 {H. Honji},
  title = 	 {Streaked Flow Around An Oscillating Circular Cylinder},
  journal = 	 JFM,
  year = 	 1981,
  volume =	 107,
  pages =	 {509--520}
}

@Article{hsw82,
  author = 	 "S. E. Hurlbut and M. L. Spaulding and F. M. White",
  title = 	 "Numerical Solution for Laminar Two Dimensional Flow
		  About a Cylinder Oscillating in a Uniform Stream",
  journal =	 JFE,
  year =	 1982,
  volume =	 104,
  pages =	 "214--222"
}

@Article{htt98,
  author = 	 {F. S. Hover and A. H. Techet and M. S. Triantafyllou},
  title = 	 {Forces on Oscillating Uniform and Tapered
                  Cylinders in Crossflow},
  journal = 	 JFM,
  year = 	 1998,
  volume =	 363,
  pages =	 {97--114}
}

@TechReport{jcw69,
  author = 	 "Jones, Jr., G. W. and J. J. Cincotta and R. W. Walker",
  title = 	 "Aerodynamic Forces on a Stationary and Oscillating
		  Circular Cylinder at High {Reynolds} Numbers",
  institution =  "NASA",
  year = 	 1969,
  number =	 "R-300"
}

@Article{kawi99,
  author = 	 {A. Khalak and C. H. K. Williamson},
  title = 	 {Motions, Forces and Mode Transitions in Vortex-Induced
                  Vibrations at Low Mass-Damping},
  journal = 	 JFS,
  year = 	 1999,
  volume =	 13,
  pages =	 {813--851}
}

@Article{kawi96,
  author = 	 "A. Khalak and C. H. K. Williamson",
  title = 	 "Dynamics of a Hydroelastic Cylinder with Very Low
		  Mass and Damping",
  journal =	 JFS,
  year =	 1996,
  volume =	 10,
  pages =	 "455--472"
}

@Article{koo67,
  author = 	 "G. H. Koopmann",
  title = 	 "The Vortex Wakes of Vibrating Cylinders at Low
		  {Reynolds} Numbers",
  journal =	 JFM,
  year =	 1967,
  volume =	 28,
  number =	 3,
  pages =	 "501--512"
}

@Article{ksf92,
  author = 	 "A. Kozakiewicz and B. M. Sumer and J. Freds{\o}e",
  title = 	 "Spanwise Correlation on a Vibrating Cylinder near a
		  Wall in Oscillatory Flows",
  journal =	 JFS,
  year =	 1992,
  volume =	 6,
  pages =	 "371--392"
}

@Article{kt89,
  author = 	 {George Em Karniadakis and George S. Triantafyllou},
  title = 	 {Frequency Selection and Asymptotic States in Laminar Wakes},
  journal = 	 JFM,
  year = 	 1989,
  volume =	 199,
  pages =	 {441--469}
}

@Article{kw97,
  author = 	 {A. Khalak and C. H. K. Williamson},
  title = 	 {Fluid Forces and Dynamics of a Hydroelastic Structure
                  with Very Low Mass and Damping},
  journal = 	 JFS,
  year = 	 1997,
  volume =	 11,
  pages =	 {973--982}
}

@Article{lbg96,
  author = 	 {X. W. Lin and P. W. Bearman and J. M. R. Graham},
  title = 	 {A Numerical Study of Oscillatory Flow About a Circular
                  Cylinder fow Low Values of Beta Parameter},
  journal = 	 JFS,
  year = 	 1996,
  volume =	 10,
  pages =	 {501--526}
}

@InProceedings{lbksj79,
  author = 	 "H. Lundgren and O. Brink-Kj{\ae}r and S. E. Sand and
		  V. Jacobsen",
  title = 	 "Improved Physical Basis of Wave Forces",
  booktitle =	 "Spec.\ Conf.\ Civ.\ Engng Oceans",
  volume =       "IV",
  address =	 "San Francisco",
  year =         1979,
  pages =        "11--15"
}

@Article{ldz97,
  author = 	 {Xiyun Lu and Charles Dalton and Jianfeng Zhang},
  title = 	 {Application of Large Eddy Simulation to an Oscillating
                  Flow Past a Circular Cylinder},
  journal = 	 JFE,
  year = 	 1997,
  volume =	 119,
  pages =	 {519--525}
}

@Article{lp89,
  author = 	 "Y. Lecointe and J. Piquet",
  title = 	 "Flow Structure in the Wake of an Oscillating Cylinder",
  journal =	 JFE,
  year =	 1989,
  volume =	 111,
  pages =	 "139--148"
}

@Article{luda96,
  author = 	 "X.-Y. Lu and C. Dalton",
  title = 	 "Calculation of the Timing of Vortex Formation from
		  an Oscillating Cylinder",
  journal =	 JFS,
  year =	 1996,
  volume =	 10,
  pages =	 "527--541"
}

@Article{mb95,
  author = 	 "J. R. Meneghini and P. W. Bearman",
  title = 	 "Numerical Simulation of High Amplitude Oscillatory
		  Flow about a Circular Cylinder",
  journal =	 JFS,
  year =	 1995,
  volume =	 9,
  pages =	 "435--455"
}

@Article{mfw94,
  author = 	 "S. Minewitsch and R. Franke and W. Rodi.",
  title = 	 "Numerical Investigation of Laminar Vortex-Shedding
		  Flow Past a Square Cylinder Oscillating In Line With
		  The Mean Flow",
  journal =	 JFS,
  year =	 1994,
  volume =	 8,
  pages =	 "787--802"
}

@Article{mids83,
  author = 	 "A. J. Middlin and J. M. Simmons",
  title = 	 "Some Effects of Turbulence on Power Transfer to an
		  Oscillating Cylinder in a Cross Flow",
  journal =	 JWEIA,
  year =	 1983,
  volume =	 14,
  pages =	 "267--278"
}

@Article{mt92,
  author = 	 "S. Mittal and T. E. Tezduyar",
  title = 	 "A Finite Element Study of Incompressible Flows Past
		  Oscillating Cylinders and Aerofoils",
  journal =	 IJNMF,
  year =	 1992,
  volume =	 15,
  pages =	 "1073--1118"
}

@InProceedings{mv80,
  author = 	 "G. Moe and R. P. C. Verley",
  title = 	 "Hydrodynamic Damping of Offshore Structures in Waves
		  and Currents",
  year =         1980,
  booktitle =	 "OTC Conf.",
  address =	 "Houston",
  note =         "Paper 3798"
}

@Article{nau87,
  author = 	 "E. Naudascher",
  title = 	 "Flow-Induced Streamwise Vibrations of Structures",
  journal =	 JFS,
  year =	 1987,
  volume =	 1,
  pages =	 "265--298"
}

@PhdThesis{new96,
  author = 	 "David Newman",
  title = 	 "A Computational Study of Fluid/Structure
		  Interactions: Flow_induced Vibrations of a Flexible Cable",
  school = 	 "Princeton University",
  year = 	 1996
}

@Article{newkar96,
  author = 	 "D. Newman and G. E. Karniadakis",
  title = 	 "Simulations of Flow Over a Flexible Cable: A
		  Comparison of Forced and Flow-Induced Vibration",
  journal =	 JFS,
  year =	 1996,
  volume =	 10,
  pages =	 "439--453"
}

@InProceedings{nkm71,
  author = 	 "Y. Nakamura and S. Kaku and T. Mizota",
  title = 	 "Effect of Mass Ratio on the Vortex Excitation of
		  Circular Cylinders",
  pages =	 "727--736",
  booktitle =	 "3rd Int.\ Conf.\ Wind Effects Build.\ Struct.",
  year =	 1971,
  address =	 "Tokyo"
}

@Article{nmr92,
  author = 	 "F. Nuzzi and C. Magness and D. Rockwell",
  title = 	 "Three-Dimensional Vortex Formation from an
		  Oscillating, Non-Uniform Cylinder",
  journal =	 JFM,
  year =	 1992,
  volume =	 238,
  pages =	 "31--54"
}

@Article{nom93,
  author = 	 "T. Nomura",
  title = 	 "Finite Element Analysis of Vortex-Induced Vibrations
		  of Bluff Cylinders",
  journal =	 JWEIA,
  year =	 1993,
  volume =	 "46~\& 47",
  pages =	 "587--594"
}

@InProceedings{nota75,
  author = 	 {Milos Novak and Hiroshi Tanaka},
  title = 	 {Pressure Correlations on a Vibrating Cylinder},
  booktitle = 	 {4th Intnl Conf.\ Wind Effects Build.\ \& Struct.},
  pages =	 {227--232},
  year =	 1975,
  address =	 {Heathrow},
  publisher =	 {Cambridge University Press}
}

@Article{nr93,
  author = 	 "M. Nakano and D. Rockwell",
  title = 	 "The Wake from a Cylinder Subjected to
		  Amplitude-Modulated Excitation",
  journal =	 JFM,
  year =	 1993,
  volume =	 247,
  pages =	 "79--110"
}

@InCollection{oli93c,
  author = 	 "D. J. Olinger",
  title = 	 "Vortex Shedding Lock-On in a Periodic Freestream
		  Flow Past a Circular Cylinder",
  booktitle =	 "Forum on Unsteady Flows",
  publisher =	 "ASME",
  year =	 1993,
  editor =	 "W. L. Keith and T. Wei",
  volume =	 "FED--157",
  pages =	 "183--188"
}

@Article{or88a,
  author = 	 "A. Ongoren and D. Rockwell",
  title = 	 "Flow Structure from an Oscillating Cylinder. {Part} 1.",
  journal =	 JFM,
  year =	 1988,
  volume =	 191,
  pages =	 "197--223"
}

@Article{or88b,
  author = 	 "A. Ongoren and D. Rockwell",
  title = 	 "Flow Structure from an Oscillating Cylinder. {Part} 2.",
  journal =	 JFM,
  year =	 1988,
  volume =	 191,
  pages =	 "225--245"
}

@Article{par89,
  author = 	 "Geoffrey Parkinson",
  title = 	 "Phenomena and Modelling of Flow-Induced Vibrations
		  of Bluff Bodies",
  journal =	 "Prog.\ Aerospace Sci.",
  year =	 1989,
  volume =	 26,
  pages =	 "169--224"
}

@InProceedings{pff68,
  author = 	 "G. V. Parkinson and C. C. Feng and N. Ferguson",
  title = 	 "Mechanisms of Vortex-Induced Vibrations of Bluff Cylinders",
  booktitle =	 "Symp.\ on Wind Effects on Build.\ \& Struct.",
  year =	 1968,
  address =	 "Loughborough University",
  note =	 "Paper 27"
}

@InProceedings{pgt68,
  author = 	 "A. Protos and V. W. Goldschmidt and G. Toebes",
  title = 	 "Hydroelastic Forces on Bluff Cylinders",
  pages =	 "1--9",
  booktitle =	 "Fluids Engineering Division Conf.",
  year =	 1968,
  organization = "ASME",
  address =	 "Philadelphia"
}

@Article{pohbaz96,
  author = 	 "S. Poh and A. Baz",
  title = 	 "A Demonstration of Adaptive Least-Mean-Square
		  Control of Small Amplitude Vortex-Induced Vibrations",
  journal =	 JFS,
  year =	 1996,
  volume =	 10,
  pages =	 "615--632"
}

@Article{sarp78,
  author = 	 "T. Sarpkaya",
  title = 	 "Fluid Forces on Oscillating Cylinders",
  journal =	 WW,
  year =	 1978,
  volume =	 104,
  number =	 "WW4",
  pages =	 "275--290"
}

@Article{sclr98,
  author = 	 {J. Sheridan and J. Carberry and J.-C. Lin and D. Rockwell},
  title = 	 {On the Near-Wake Topology of an Oscillating Cylinder},
  journal = 	 JFS,
  year = 	 1998,
  volume =	 12,
  pages =	 {215--220}
}

@Article{skgr73,
  author = 	 "R. A. Skop and O. M. Griffin",
  title = 	 "A Model for the Vortex-Excited Resonant Response of
		  Bluff Cylinders",
  journal =	 JSV,
  year =	 1973,
  volume =	 27,
  number =	 2,
  pages =	 "225--233"
}

@Article{skgr75,
  author = 	 "R. A. Skop and O. M. Griffin",
  title = 	 "On a Theory for the Vortex-Excited Oscillations of
		  Flexible Cylindrical Structures",
  journal =	 JSV,
  year =	 1975,
  volume =	 41,
  number =	 3,
  pages =	 "263--274"
}

@Article{sl75,
  author =       "Edmund Szechenyi and Henri Loiseau",
  title = 	 "Portances Instationnaires Sur Un Cylindre Vibrant
		  Dans Un {\'{E}}coulement Supercritique",
  journal =	 RA,
  year =	 1975,
  volume =	 1,
  pages =	 "45--57"
}

@Article{stan76,
  author = 	 "P. K. Stansby",
  title = 	 "The Locking-on of Vortex Shedding due to the
		  Cross-Stream Vibration of Circular Cylinders in
		  Uniform and Shear Flows",
  journal =	 JFM,
  year =	 1976,
  volume =	 74,
  number =       4,
  pages =	 "641--655"
}

@Article{stau83,
  author = 	 "T. Staubli",
  title = 	 "Calculation of the Vibration of and Elastically
		  Mounted Cylinder Using Experimental Data from Forced
		  Oscillation",
  journal =	 JFE,
  year =	 1983,
  volume =	 105,
  pages =	 "225--229"
}

@Article{toebes69,
  author = 	 {G. H. Toebes},
  title = 	 {The Unsteady Flow and Wake Near an Oscillating Cylinder},
  journal = 	 {ASME J.\,Basic Eng.},
  year = 	 1969,
  volume =	 91,
  pages =	 {493--505}
}

@Article{tow73,
  author = 	 "Y. Tanida and A. Okajima and Y. Watanabe",
  title = 	 "Stability of a Circular Cylinder Oscillating in
		  Uniform Flow or in a Wake",
  journal =	 JFM,
  year =	 1973,
  volume =	 61,
  number =	 4,
  pages =	 "769--784"
}

@InProceedings{turl96,
  author = 	 {{\"{O}}. F. Turan and S. Lu},
  title = 	 {Numerical Prediction of Flow Fields Around Circular
                  Cylinders: Forced Motion and Dynamic Response Cases},
  booktitle = 	 {Fluids Engineering Division Conference},
  volume =	 {FED-237},
  year =	 1996,
  organization = {ASME},
  pages =	 {647--652}
}

@Article{vag87,
  author = 	 "C. W. van Atta and M. Gharib",
  title = 	 "Ordered and Chaotic Vortex Streets Behind Circular
		  Cylinders at Low {Reynolds} Numbers",
  journal =	 JFM,
  year =	 1987,
  volume =	 174,
  pages =	 "113--133"
}

@Article{vb83a,
  author = 	 "B. J. Vickery and R. I. Basu",
  title = 	 "Across-wind Vibration of Structures of Circular
		  Cross Section. {Part}~1",
  journal =	 JWEIA,
  year =	 1983,
  volume =	 12,
  pages =	 "49--73"
}

@Article{vb83b,
  author = 	 "B. J. Vickery and R. I. Basu",
  title = 	 "Across-wind Vibration of Structures of Circular
		  Cross Section. {Part}~2",
  journal =	 JWEIA,
  year =	 1983,
  volume =	 12,
  pages =	 "75--97"
}

@Article{vb83c,
  author = 	 "B. J. Vickery and R. I. Basu",
  title = 	 "Simplified Approaches to the Across-Wind Respone of
		  Chimneys",
  journal =	 JWEIA,
  year =	 1983,
  volume =	 14,
  pages =	 "153--166"
}

@Article{vb84,
  author = 	 "B. J. Vickery and R. I. Basu",
  title = 	 "The Response of Reinforced Concrete Chimneys to
		  Vortex Shedding",
  journal =	 ES,
  year =	 1984,
  volume =	 6,
  pages =	 "324--333"
}

@Article{vd84,
  author = 	 "B. J. Vickery and A. Daly",
  title = 	 "Wind Tunnel Modelling as a Means of Predicting the
		  Response of Chimneys to Vortex Shedding",
  journal =	 ES,
  year =	 1984,
  volume =	 6,
  pages =	 "363--368"
}

@Article{vic90,
  author = 	 "Barry J. Vickery",
  title = 	 "Progress and Problems in the Prediction of the
		  Response of Prototype Structures to Vortex-Induced
		  Vibration",
  journal =	 JWEIA,
  year =	 1990,
  volume =	 33,
  pages =	 "181--196"
}

@Article{wcp83,
  author = 	 "H. G. C. Woo and J. E. Cermak and J. A. Peterka",
  title = 	 "On Vortex Locking-On Phenomenon for a Cable in a
		  Linear Shear Flow",
  journal =	 JWEIA,
  year =	 1983,
  volume =	 14,
  pages =	 "289--300"
}

@Article{woot69,
  author = 	 "L. R. Wooton",
  title = 	 "The Oscillations of Large Circular Stacks in Wind",
  journal =	 JICE,
  year =	 1969,
  volume =	 43,
  pages =	 "573--599"
}

@Article{wr88,
  author = 	 "C. H. K. Williamson and A. Roshko",
  title = 	 "Vortex Formation in the Wake of an Oscillating Cylinder",
  journal =	 JFS,
  year =	 1988,
  volume =	 2,
  pages =	 "355--381"
}

@Article{wss95,
  author = 	 "R. Wei and A. Sekine and M. Shimura",
  title = 	 "Numerical Analysis of {2D} Vortex-Induced
		  Oscillations of a Circular Cylinder",
  journal =	 IJNMF,
  year =	 1995,
  volume =	 21,
  pages =	 "993--1005"
}

@Article{yk94,
  author = 	 "Y. Yokoi and K. Kamemoto",
  title = 	 "Vortex Shedding from an Oscillating Circular
		  Cylinder in a Uniform Flow",
  journal =	 ETFS,
  year =	 1994,
  volume =	 8,
  pages =	 "121--127"
}

@Article{zd99,
  author = 	 {Jianfeng Zhang and Charles Dalton},
  title = 	 {The Onset of Three-Dimensionality in an Oscillating
                  Flow Past a Fixed Circular Cylinder},
  journal = 	 IJNMF,
  year = 	 1999,
  volume =	 30,
  pages =	 {19--42}
}

@Article{zdr82,
  author = 	 "M. M. Zdravkovich",
  title = 	 "Modification of Vortex Shedding in the
		  Synchronization Range",
  journal =	 JFE,
  year =	 1982,
  volume =	 104,
  pages =	 "513--517"
}

@Article{zdr84,
  author = 	 "M. M. Zdravkovich",
  title = 	 "Reduction of Effectiveness of Means for Supressing
		  Wind-Induced Oscillation",
  journal =	 ES,
  year =	 1984,
  volume =	 6,
  pages =	 "344--349"
}

@Article{zdrav96,
  author = 	 "M. M. Zdravkovich",
  title = 	 "Different Modes of Vortex Shedding: An Overview",
  journal =	 JFS,
  year =	 1996,
  volume =	 10,
  pages =	 "427--437"
}

@Article{zth95,
  author = 	 {R. Zdero and {\"{O}}. F. Turan and D. G. Havard},
  title = 	 {Towards Understanding Galloping: Near-Wake Study of
                  Oscillating Smooth and Stranded Circular Cylinders in
                  Forced Motion},
  journal = 	 ETFS,
  year = 	 1995,
  volume =	 10,
  pages =	 {28--43}
}

@Article{chkwg04,
  author = 	 {C. H. K. Williamson and R. Govardhan},
  title = 	 {Vortex-Induced Vibrations},
  journal = 	 ARFM,
  year = 	 2004,
  volume =	 36,
  pages =	 {413--455}
}

@Article{gowi02,
  author = 	 {R. Govardhan and C. H. K. Williamson},
  title = 	 {Resonance Forever: Existence of a Critical Mass and an
                  Infinite Regime of Resonance in Vortex-Induced Vibration},
  journal = 	 JFM,
  year = 	 2002,
  volume =	 473,
  pages =	 {147--166}
}

@Article{sarp04,
  author = 	 {T. Sarpkaya},
  title = 	 {A Critical Review of the Intrinsic Nature of
                  Vortex-Induced Vibrations},
  journal = 	 JFS,
  year = 	 2004,
  volume =	 19,
  pages =	 {389--447}
}

@Article{jegh01,
  author = 	 {D. Jeon and M. Gharib},
  title = 	 {On Circular Cylinders Undergoing Two-Degree-of-Freeedom
                  Forced Motions},
  journal = 	 JFS,
  year = 	 2001,
  volume =	 15,
  pages =	 {533--541}
}

@InProceedings{bearman97,
  author = 	 {P. W. Bearman},
  title = 	 {Bluff Body Hydrodynamics},
  booktitle =	 {21st Symp.\ Naval.\ Hydro.},
  pages =	 {561--579},
  year =	 1997,
  organization = {National Academy of Sciences}
}

@Article{km81,
  author = 	 {K. C. S. Kwok and W. H. Melbourne},
  title = 	 {Wind-Induced Lock-In Excitation of Tall Structures},
  journal = 	 JSD,
  year = 	 1981,
  volume =	 107,
  pages =	 {57--72}
}

