% $Id$
%%%%%%%%%%%%%%%%%%%%%%%%%%%%%%%%%%%%%%%%%%%%%%%%%%%%%%%%%%%%%%%%%%%%%%%%%%%%%%

@Article{limn92,
  author = 	 "T. T. Lim and T. B. Nickels",
  title = 	 "Instability and Reconnection in the Head-On
		  Collision of Two Vortex Rings",
  journal =	 "Nature",
  year =	 1992,
  volume =	 357
}

@Article{grs98,
  author = 	 {M. Gharib and E. Rambod and K. Shariff},
  title = 	 {A Universal Time Scale for Vortex Ring Formation},
  journal = 	 JFM,
  year = 	 1998,
  volume =	 360,
  pages =	 {121--140}
}

@Article{rrg98,
  author = 	 {M. Rosenfeld and E. Rambod and M. Gharib},
  title = 	 {Circulation and Formation Number of Laminar Vortex Rings},
  journal = 	 JFM,
  year = 	 1998,
  volume =	 376,
  pages =	 {297--318}
}

@Article{shgh00,
  author = 	 {M. Shusser and M. Gharib},
  title = 	 {A Model for Vortex Ring Formation in a
                  Starting Buoyant Plume},
  journal = 	 JFM,
  year = 	 2000,
  volume =	 416,
  pages =	 {173--185}
}

@Article{dagh04,
  author = 	 {John O. Dabiri and Morteza Gharib},
  title = 	 {Fluid Entrainment by Isolated Vortex Rings},
  journal = 	 JFM,
  year = 	 2004,
  volume =	 511,
  pages =	 {311--331}
}

@Article{dagh05,
  author = 	 {John O. Dabiri and Morteza Gharib},
  title = 	 {Starting Flow Through Nozzles with Temporally Variable
                  Exit Diameter},
  journal = 	 JFM,
  year = 	 2005,
  notes =        {submitted}
}

@Article{fuha05,
  author = 	 {Y. Fukumoto and Y. Hattori},
  title = 	 {Curvature Instability of a Vortex Ring},
  journal = 	 JFM,
  year = 	 2005,
  volume =	 526,
  pages =	 {77--115}
}

@Article{shle92,
  author = 	 {Karim Shariff and A. Leonard},
  title = 	 {Vortex Rings},
  journal = 	 ARFM,
  year = 	 1992,
  volume =	 24,
  pages =	 {235--79}
}


@InCollection{wbz71,
  author = 	 {S. E. Widnall and D. Bliss and A. Zalay},
  title = 	 {Theoretical end Experimental Study of the Stability
                  of a Vortex Pair},
  booktitle = 	 {Aircraft Wake Turbulence and its Detection},
  pages =	 {305--338},
  publisher =	 {Plenum Press},
  year =	 1971
}

@Article{wisu73,
  author = 	 {S. E. Widnall and J. P. Sullivan},
  title = 	 {On the Stability of Vortex Rings},
  journal = 	 PRSLA,
  year = 	 1973,
  volume =	 332,
  pages =	 {335--353}
}

@Article{wbt74,
  author = 	 {Sheila E. Widnall and Donald B. Bliss and Chon-Yin Tsai},
  title = 	 {The Instability of Short Waves on a Vortex Ring},
  journal = 	 JFM,
  year = 	 1974,
  volume =	 66,
  number =	 1,
  pages =	 {35--47}
}

@Article{wits77,
  author = 	 {S. E. Widnall and C.-Y. Tsai},
  title = 	 {The Instability of the Thin Vortex Ring
                  of Constant Vorticity},
  journal = 	 PTRSLA,
  year = 	 1977,
  volume =	 287,
  pages =	 {273--305}
}

@Article{kdg06,
  author = 	 {P. S. Krueger and J. O. Dabiri and M. Gharib},
  title = 	 {The Formation Number of Vortex Rings Formed in Uniform
                  Background Flow},
  journal = 	 JFM,
  year = 	 2006,
  volume =	 556,
  pages =	 {147--166}
}


@Article{widnall75,
  author = 	 {Widnall, S. E.},
  title = 	 {The structure and dynamics of vortex filaments},
  journal = 	 ARFM,
  year = 	 1975,
  volume = 	 7,
  pages = 	 {141--165}}

@Article{spalart98,
  author = 	 {Spalart, P. R.},
  title = 	 {Airplane trailing vortices},
  journal = 	 ARFM,
  year = 	 1998,
  volume = 	 30,
  pages = 	 {
107--138}}

@InBook{bogb10,
  author = 	 {J.-M. Chomaz and S. Ortiz and F. Gallaire and P. Billant},
  title = 	 {Stability of Quasi Two-Dimensional Vortices},
  chapter = 	 2,
  publisher = 	 {Springer},
  year = 	 2010,
  volume = 	 805,
  series = 	 {Lect.\ Notes Phys.},
  pages = 	 {35--59}}

