% $Id$
%%%%%%%%%%%%%%%%%%%%%%%%%%%%%%%%%%%%%%%%%%%%%%%%%%%%%%%%%%%%%%%%%%%%%%%%%%%%%%

@Article{hash2010,
  author = 	 {P. Hall and S. J. Sherwin},
  title = 	 {Streamwise vortices in shear flows: harbingers of
                  transition and the skeletons of coherent structures},
  journal = 	 JFM,
  year = 	 2010,
  volume = 	 661,
  pages = 	 {178--205}}

