% $Id$
%%%%%%%%%%%%%%%%%%%%%%%%%%%%%%%%%%%%%%%%%%%%%%%%%%%%%%%%%%%%%%%%%%%%%%%%%%%%%%%

@Article{ber96,
  author = 	 {M. Brede and H. Eckelmann and D. Rockwell},
  title = 	 {On Secondary Vortices in the Cylinder Wake},
  journal = 	 PoF,
  year = 	 1996,
  volume =	 8,
  number =	 8,
  pages =	 {2117--2124}
}

@Article{cowi59,
  author = 	 {D. C. Collis and M. J. Williams},
  title = 	 {Two-Dimensional Convection From Heated Wires at
                  Low {Reynolds} Number},
  journal = 	 JFM,
  year = 	 1959,
  volume =	 6,
  pages =	 {357--384}
}

@Article{nns98,
  author = 	 {S. Nakagawa and K. Nitta and M. Senda},
  title = 	 {An Experimental Study on Unsteady Turbulent Near Wake
                  of a Rectangular Cylinder in Channel Flow},
  journal = 	 EF,
  year = 	 99,
  volume =	 27,
  pages =	 {284--294}
}

@Article{williamson96,
  author = 	 {C. H. K. Williamson},
  title = 	 {Vortex Dynamics in the Cylinder Wake},
  journal = 	 ARFM,
  year = 	 1996,
  volume =	 28,
  pages =	 {477--539}
}

@Article{msh02,
  author = 	 {Richard Mills and John Sheridan and Kerry Hourigan},
  title = 	 {Response of Base Suction and Vortex Shedding From 
                  Rectangular Prisms to Transverse Forcing},
  journal = 	 JFM,
  year = 	 2002,
  volume =	 461,
  pages =	 {25--49}
}

@Article{tlw01,
  author = 	 {M. C. Thompson and T. Leweke and C. H. K. Williamson},
  title = 	 {The Physical Mechanism of Transition in Bluff Body Wakes},
  journal = 	 JFS,
  year = 	 2001,
  volume =	 15,
  pages =	 {607--616}
}

@Article{maka02,
  author = 	 {Xia Ma and George Em Karniadakis},
  title = 	 {A Low-Dimensional Model for Simulating Three-Dimensional
                  Cylinder Flow},
  journal = 	 JFM,
  year = 	 2002,
  volume =	 458,
  pages =	 {181--190}
}

@Article{pebr98,
  author = 	 {H. Persillon and M. Brazza},
  title = 	 {Physical Analysis of the Transition to Turbulence
                  in the Wake of a Circular Cylinder by Three-Dimensional
                  {Navier}--{Stokes} Simulation},
  journal = 	 JFM,
  year = 	 1998,
  volume =	 365,
  pages =	 {23--88}
}

@Article{nhl98,
  author = 	 {G. J. Nathan and S. J. Hill and R. E. Luxton},
  title = 	 {An Axisymmetric `Fluidic' Nozzle to Generate Jet Precession},
  journal = 	 JFM,
  year = 	 1998,
  volume =	 370,
  pages =	 {347--380}
}

@Article{same97,
  author = 	 {P. J. Saathoff and W. H. Melbourne},
  title = 	 {Effects of Free-Stream Turbulence on Surface Pressure
                  Fluctuations in a Separation Bubble},
  journal = 	 JFM,
  year = 	 1997,
  volume =	 337,
  pages =	 {1--24}
}

@Article{sarp02,
  author = 	 {Turgut Sarpkaya},
  title = 	 {Experiments on the Stability of Sinusoidal Flow
                  Over a Circular Cylinder},
  journal = 	 JFM,
  year = 	 2002,
  volume =	 457,
  pages =	 {157--180}
}

@Article{ah81,
  author = 	 "E. Achenbach and E. Heinecke",
  title = 	 "On Vortex Shedding from Smooth and Rough Cylinders
		  in the Range of {Reynolds} Numbers $6\times10^3$ to
		  $5\times10^6$",
  journal =	 JFM,
  year =	 1981,
  volume =	 109,
  pages =	 "239--251"
}

@Article{air96,
  author = 	 "P. Anagnostopoulos and G. Iliadis and S. Richardson",
  title = 	 "Numerical Study of the Blockage Effects on Viscous
		  Flow Past a Circular Cylinder",
  journal =	 IJNMF,
  year =	 1996,
  volume =	 22,
  pages =	 "1061--1074"
}

@Article{badd85,
  author = 	 {H. M. Badr and S. C. R. Dennis},
  title = 	 {Time-Dependent Viscous Flow Past an Impulsively Started
                  Rotating and Translating Circular Cylinder},
  journal = 	 JFM,
  year = 	 1985,
  volume =	 158,
  pages =	 {447--488}
}

@Article{bana01,
  author = 	 {S. Balachandar and F. M. Najjar},
  title = 	 {Optimal Two-Dimensional Models for Wake Flows},
  journal = 	 PoF,
  year = 	 2001,
  volume =	 13,
  number =	 1,
  pages =	 {157--176}
}

@Article{basu00,
  author = 	 {Seung-Jin Baek and Hyung Jin Sung},
  title = 	 {Quasi-Periodicity on the Wake of a
                  Rotationally Oscillating Cylinder},
  journal = 	 JFM,
  year = 	 2000,
  volume =	 408,
  pages =	 {275--300}
}

@Article{basu98,
  author = 	 {Seung-Jin Baek and Hyung Jin Sung},
  title = 	 {Numerical Investigation of the Flow Behind a Rotary
                  Oscillating Circular Cylinder},
  journal = 	 PoF,
  year = 	 1998,
  volume =	 10,
  number =	 4,
  pages =	 {869--876}
}

@Article{bbkg89,
  author = 	 "M. G. Benson and P. G. Bellamy-Knights and J. H. Gerrard",
  title = 	 "A Viscous Splitting Algorithm Applied to Low
		  {Reynolds} Number Flows Round a Circular Cylinder",
  journal =	 JFS,
  year =	 1989,
  volume =	 3,
  pages =	 "439--479"
}

@Article{bcdm90,
  author = 	 {H. M. Badr and M. Coutanceau and S. C. R. Dennis 
                  and C. M{\'{e}}nard},
  title = 	 {Unsteady Flow Past a Rotating Circular Cylinder at 
                  {Reynolds} Numbers $10^3$ and $10^4$},
  journal = 	 JFM,
  year = 	 1990,
  volume =	 220,
  pages =	 {459--484}
}

@Article{bdgo85,
  author = 	 {P. W. Bearman and M. J. Downie and J. M. R. Graham and 
                  E. D. Obasuju},
  title = 	 {Forces on Cylinders in Viscous Oscillatory Flow at
                  Low {K}eulegan--{C}arpenter Numbers},
  journal = 	 JFM,
  year = 	 1985,
  volume =	 154,
  pages =	 {337--356}
}

@Article{obg88,
  author = 	 {E. D. Obasuju and P. W. Bearman and J. M. R. Graham},
  title = 	 {A Study of Forces, Circulation and Vortex Patterns
                  Around a Cylinder in Oscillating Flow},
  journal = 	 JFM,
  year = 	 1988,
  volume =	 196,
  pages =	 {467--494}
}

@Article{bdk96,
  author = 	 "H. M. Badr and S. C. R. Dennis and S. Kocabiyik",
  title = 	 "Symmetrical Flow Past an Accelerating Circular Cylinder",
  journal =	 JFM,
  year =	 1996,
  volume =	 308,
  pages =	 "97--110"
}

@Article{bfm95,
  author = 	 "B. Belahadji and J. P. Franc and J. M. Michel",
  title = 	 "Cavitation in the Rotational Structures of a
		  Turbulent Wake",
  journal =	 JFM,
  year =	 1995,
  volume =	 287,
  pages =	 "383--403"
}

@Article{bmm96,
  author = 	 "Peter G. Baines and Sharan J. Mujamdar and Humio Mitsudera",
  title = 	 "The Mechanics of the {Tollmien}--{Schlichting} Wave",
  journal =	 JFM,
  year =	 1996,
  volume =	 312,
  pages =	 "107--124"
}

@Article{bmn97,
  author = 	 {S. Baldachandar and R. Mittal and F. M. Najjar},
  title = 	 {Properties of the Mean Recirculation Region in the Wakes
                  of Two-Dimensional Bluff Bodies},
  journal = 	 JFM,
  year = 	 1997,
  volume =	 351,
  pages =	 {167--199}
}

@Article{brem81,
  author = 	 {K. Bremhorst},
  title = 	 {Effect of Mounting Systems on Heat Transfer from 
                  Inclined Cylinders in Cross-Flow},
  journal = 	 IJHMT,
  year = 	 1981,
  volume =	 24,
  pages =	 {243--250}
}

@Article{bt80,
  author = 	 "F. K. Brownand and T. R. Troutt",
  title = 	 "A Note on Spanwise Structure in the Two-Dimensional
		  Mixing Layer",
  journal =	 JFM,
  year =	 1980,
  volume =	 917,
  number =	 4,
  pages =	 "771--781"
}

@Article{cb86,
  author = 	 "Y. Couder and C. Basdevant",
  title = 	 "Experimental and Numerical Study of Vortex Couples
		  in Two-Dimensional Flows",
  journal =	 JFM,
  year =	 1986,
  volume =	 173,
  pages =	 "225--251"
}

@Article{cc83,
  author = 	 "Brian J. Cantwell and Donald Coles",
  title = 	 "An Experimental Study of Entrainment and Transport
		  in the Turbulent Near Wake of a Circular Cylinder",
  journal =	 JFM,
  year =	 1983,
  volume =	 136,
  pages =	 "321--374"
}

@Article{ccl95,
  author = 	 "Y. T. Chew and M. Cheng and S. C. Luo",
  title = 	 "A Numerical Study of Flow Past a Rotating Cylinder
		  Using a Hybrid Vortex Scheme",
  journal =	 JFM,
  year =	 1995,
  volume =	 299,
  pages =	 "35--71"
}

@Article{cd91,
  author = 	 "Madeleine Coutanceau and Jean-Ren\'{e} Defaye",
  title = 	 "Circular Cylinder Wake Configurations: A Flow
		  Visualization Survey",
  journal =	 "ASME Applied Mechanics Reviews",
  year =	 1991,
  volume =	 44,
  number =	 6,
  pages =	 "255--305"
}

@Article{cher98,
  author = 	 {S. I. Chernyshenko},
  title = 	 {Asymptotic Theory of Global Separation},
  journal = 	 {Appl.\ Mech.\ Rev.},
  year = 	 1998,
  volume =	 51,
  number =	 9,
  pages =	 {523--536}
}

@Article{chkw88a,
  author = 	 "C. H. K. Williamson",
  title = 	 "The Existence of Two Stages in the Transition to
		  Three-Dimensionality of a Circular Cylinder Wake",
  journal =	 PoF,
  year =	 1988,
  volume =	 31,
  number =	 11,
  pages =	 "3165--3168"
}

@Article{chkw88b,
  author = 	 "C. H. K. Williamson",
  title = 	 "Defining a Universal and Continuous
		  {Strouhal}--{Reynolds} Number Relationship for the
		  Laminar Vortex Shedding of a Circular Cylinder",
  journal =	 PoF,
  year =	 1988,
  volume =	 31,
  number =	 10,
  pages =	 "2742--2744"
}

@Article{chkw89,
  author = 	 "C. H. K. Williamson",
  title = 	 "Oblique and Parallel Modes of Vortex Shedding in the
		  Wake of a Circular Cylinder at Low {Reynolds} Numbers",
  journal =	 JFM,
  year =	 1989,
  volume =	 206,
  pages =	 "579--627"
}

@Article{chkw92,
  author = 	 "C. H. K. Williamson",
  title = 	 "The Natural and Forced Formation of Spot-Like
		  `Vortex Dislocations' in the Transition of a Wake",
  journal =	 JFM,
  year =	 1992,
  volume =	 243,
  pages =	 "393--441"
}

@Article{chkw96,
  author = 	 {C. H. K. Williamson},
  title = 	 {Three-Dimensional Wake Transition},
  journal = 	 JFM,
  year = 	 1996,
  volume =	 328,
  pages =	 {345--407}
}

@Article{chyuroc96a,
  author = 	 "C. Chyu and D. Rockwell",
  title = 	 "Evolutions of Patterns of Streamwise Vorticity in
		  the Turbulent Near Wake of a Circular Cylinder",
  journal =	 JFM,
  year =	 1996,
  volume =	 320,
  pages =	 "117--137"
}

@Article{chyuroc96b,
  author = 	 "C.-K. Chyu and D. Rockwell",
  title = 	 "K{\'{a}}rm{\'{a}}n Vortex Development: Relation to
		  Symmetry and Circulation of Vortices",
  journal =	 AIAA,
  year =	 1996,
  volume =	 34,
  number =	 9,
  pages =	 "1954--1958"
}

@Article{cnr88,
  author = 	 "John M. Cimbala and Hassan M. Nagib and Anatol Roshko",
  title = 	 "Large Structure in the Far Wake of Two-Dimensional
		  Bluff Bodies",
  journal =	 JFM,
  year =	 1988,
  volume =	 190,
  pages =	 "265--298"
}

@Article{cr77,
  author = 	 "I. P. Castro and A. G. Robins",
  title = 	 "The Flow Around a Surface-Mounted Cube in Uniform
		  and Turbulent Streams",
  journal =	 JFM,
  year =	 1977,
  volume =	 79,
  number =	 2,
  pages =	 "307--335"
}

@Article{cs67,
  author = 	 {F. H. Champagne and C. A. Sleicher},
  title = 	 {Turbulence Measurements with Inclined Hot-Wires.  {Part 2}. 
                  {Hot}-Wire Response Equations},
  journal = 	 JFM,
  year = 	 1967,
  volume =	 28,
  number =	 1,
  pages =	 {177--182}
}

@Article{csw67,
  author = 	 {F. H. Champagne and C. A. Sleicher and O. H. Wehrmann},
  title = 	 {Turbulence Measurements with Inclined Hot-Wires.  {Part 1}. 
                  {Heat} Transfer Measurements with Inclined Hot-Wire},
  journal = 	 JFM,
  year = 	 1967,
  volume =	 28,
  number =	 1,
  pages =	 {153--175}
}

@Article{cy91,
  author = 	 "Gary T. Chapman and Leslie A. Yates",
  title = 	 "Topology of Flow Separation on Three-Dimensional Bodies",
  journal =	 "Applied Mechanics Reviews",
  year =	 1991,
  volume =	 44,
  number =	 7,
  pages =	 "329--345"
}

@Article{devh96,
  author = 	 {R. Deverakonda and J. A. C. Humphrey},
  title = 	 {Experimental Study of Turbulent Flow in the Near Wakes of
                  Single and Tandem Prisms},
  journal = 	 IJHFF,
  year = 	 1996,
  volume =	 17,
  number =	 3,
  pages =	 {219--227}
}

@Article{dm94,
  author = 	 "Anil E. Deane and Catherine Mavriplis",
  title = 	 "Low-Dimensional Description of the Dynamics in
		  Separated Flow past Thick Airfoils",
  journal =	 AIAA,
  year =	 1994,
  volume =	 32,
  number =	 6,
  pages =	 "1222--1227"
}

@Article{forn80,
  author = 	 {Bengt Fornberg},
  title = 	 {A Numerical Study of Steady Viscous Flow Past a 
                  Circular Cylinder},
  journal = 	 JFM,
  year = 	 1980,
  volume =	 98,
  number =	 4,
  pages =	 {819--855}
}

@Article{forn85,
  author = 	 {Bengt Fornberg},
  title = 	 {Steady Viscous Flow Past a Circular Cylinder 
                  up to Reynolds Number 600},
  journal = 	 JCP,
  year = 	 1985,
  volume =	 61,
  number =	 2,
  pages =	 {297--320}
}

@Article{forn91,
  author = 	 {Bengt Fornberg},
  title = 	 {Steady Incompressible Flow Past a Row of Circular Cylinders},
  journal = 	 JFM,
  year = 	 1991,
  volume =	 225,
  pages =	 {655--671}
}

@InProceedings{forn93,
  author = 	 {Bengt Fornberg},
  title = 	 {Computing Steady Incompressible Flow Past Blunt Bodies---A
                  Historical Review},
  booktitle = 	 {Numerical Methods for Fluid Dynamics 4},
  pages =	 {115--133},
  year =	 1993,
  editor =	 {Baines and Morton},
  publisher =	 {Oxford University Press}
}

@Article{foxw90,
  author = 	 "T. A. Fox and G. S. West",
  title = 	 "On the Use of End Plates with Circular Cylinders",
  journal =	 EF,
  year =	 1990,
  volume =	 9,
  pages =	 "237--239"
}

@Article{ger65,
  author = 	 "J. H. Gerrard",
  title = 	 "A Disturbance-Sensitive {Reynolds} Number Range of
		  the Flow Past a Circular Cylinder",
  journal =	 JFM,
  year =	 1965,
  volume =	 22,
  number =	 1,
  pages =	 "187--196"
}

@Article{ger66a,
  author = 	 "J. H. Gerrard",
  title = 	 "The Three-Dimensional Structure of the Wake of a
		  Circular Cylinder",
  journal =	 JFM,
  year =	 1966,
  volume =	 25,
  number =	 1,
  pages =	 "143--164"
}

@Article{ger66b,
  author = 	 "J. H. Gerrard",
  title = 	 "The Mechanics of the Formation Region of Vortices
		  Behind Bluff Bodies",
  journal =	 JFM,
  year =	 1966,
  volume =	 25,
  number =	 2,
  pages =	 "401--413"
}

@Article{ger67,
  author = 	 "J. H. Gerrard",
  title = 	 "Numerical Computation of the Magnitude and Frequency
		  of the Lift on a Circular Cylinder",
  journal =	 PTRSA,
  year =	 1967,
  volume =	 261,
  number =	 1118,
  pages =	 "137--162"
}

@Article{ger78,
  author = 	 "J. H. Gerrard",
  title = 	 "The Wakes of Cylindrical Bluff Bodies at Low
		  {Reynolds} Number",
  journal =	 PTRSA,
  year =	 1978,
  volume =	 288,
  number =       1354,
  pages =	 "351--382"
}

@Article{gfp80,
  author = 	 "O. G{\"{u}}ven and C. Farell and V. C. Patel",
  title = 	 "Surface-Roughness Effects on the Mean Flow Past
		  Circular Cylinders",
  journal =	 JFM,
  year =	 1980,
  volume =	 88,
  pages =	 "673--701"
}

@Article{gpf77,
  author = 	 "O. G{\"{u}}ven and V. C. Patel and C. Farell",
  title = 	 "A Model for High {Reynolds}-Number Flow Past
		  Rough-Walled Circular Cylinders",
  journal =	 JFE,
  year =	 1977,
  pages =	 "486--493"
}

@Article{gpsrm80,
  author = 	 {Owen M. Griffin and John H. Pattison and Richard A. Skop
                  and Steven E. Ramberg and Dallas J. Meggitt},
  title = 	 {Vortex-Excited Vibrations of Marine Cables},
  journal = 	 WW,
  year = 	 1980,
  volume =	 {WW2},
  pages =	 {183--204},
  month =	 {May}
}

@Article{gri95,
  author = 	 "Owen M. Griffin",
  title = 	 "A Note on Bluff Body Vortex Formation",
  journal =	 JFM,
  year =	 1995,
  volume =	 284,
  pages =	 "217--224"
}

@Article{hall84,
  author = 	 {Philip Hall},
  title = 	 {On the Stability of the Unsteady Boundary Layer on a
                  Cylinder Oscillating Transversely in a Viscous Fluid},
  journal = 	 JFM,
  year = 	 1984,
  volume =	 146,
  pages =	 {347--367}
}

@Article{hen95a,
  author = 	 "Ronald D. Henderson",
  title = 	 "Details of the Drag Curve Near the Onset of Vortex Shedding",
  journal =	 PoF,
  year =	 1995,
  volume =	 7,
  number =       9,
  pages =	 "2102--2104"
}

@Article{hen97,
  author = 	 {R. D. Henderson},
  title = 	 {Nonlinear Dynamics and Pattern Formation in
                  Three-Dimensional Wakes},
  journal = 	 JFM,
  year = 	 1997,
  volume =       352,
  pages =        {65--112}
}

@Article{henba96,
  author = 	 {Ronald D. Henderson and Dwight Barkley},
  title = 	 {Secondary Instability in the Wake of a Circular Cylinder},
  journal = 	 PoF,
  year = 	 1996,
  volume =	 8,
  number =	 6,
  pages =	 {1683--1685}
}

@Article{hg91,
  author = 	 {M. Hammache and M. Gharib},
  title = 	 {An Experimental Study of the Parallel and Oblique
                  Vortex Shedding From Circular Cylinders},
  journal = 	 JFM,
  year = 	 1991,
  volume =	 232,
  pages =	 {567--590}
}

@InProceedings{hor92,
  author = 	 "Hans Hornung",
  title = 	 "The Mean Vorticity Downstream of a Hydraulic Jump",
  pages =	 "929-932",
  booktitle =	 "11th Australasian Fluid Mechanics Conference",
  year =	 1992,
  address =	 "Hobart",
  month =	 "December"
}

@Article{hunt91,
  author = 	 "J. C. R. Hunt",
  title = 	 "Industrial and Environmental Fluid Mechanics",
  journal =	 ARFM,
  year =	 1991,
  volume =	 23,
  pages =	 "1--41"
}

@Article{hwt95,
  author = 	 "The Flow Field Downstream of a Hydraulic Jump",
  title = 	 "Hans G. Hornung and Christian Willert and Stewart Turner",
  journal =	 JFM,
  year =	 1995,
  volume =	 287,
  pages =	 "299--316"
}

@Article{hwtcw91,
  author = 	 "K. Hourigan and L. W. Welch and M. C. Thompson and
		  P. I. Cooper and M. C. Welsh",
  title = 	 "Augmented Forced Convection Heat Transfer in
		  Separated Flow Around a Blunt Flat Plate",
  journal =	 ETFS,
  year =	 1991,
  volume =	 4,
  pages =	 "182--191"
}

@Article{ilan98,
  author = 	 {G. Iliadis and P. Anagnostopoulos},
  title = 	 {Viscous Oscillatory Flow Around a Circular Cylinder at Low
                  {K}eulegan--{C}arpenter Numbers and Frequency Parameters},
  journal = 	 IJNMF,
  year = 	 1998,
  volume =	 26,
  pages =	 {403--442}
}

@InCollection{ill63,
  author = 	 {C. R. Illingworth},
  title = 	 {Flow at Small {R}eynolds Number},
  booktitle = 	 {Laminar Boundary Layers},
  pages =	 {163--197},
  publisher =	 {Oxford University Press},
  year =	 1963,
  editor =	 {L. Rosenhead},
  chapter =	 {IV}
}

@Article{ios94,
  author = 	 "G. Iosilevski and A. Seginer",
  title = 	 "Asymmetric Vortex Pair in the Wake of a Circular Cylinder",
  journal =	 AIAA,
  year =	 1994,
  volume =	 32,
  number =	 10,
  pages =	 "1999--2003"
}

@Article{itga98,
  author = 	 {A. Ito and K. P. Garry},
  title = 	 {Pressure Measurements Around a Two-Dimensional Gauze
                  at Incidence},
  journal = 	 JFS,
  year = 	 1998,
  volume =	 12,
  pages =	 {171--181}
}

@Article{just91,
  author = 	 {Peter Justesen},
  title = 	 {A Numerical Study of Oscillating Flow Around
                  a Circular Cylinder},
  journal = 	 JFM,
  year = 	 1991,
  volume =	 222,
  pages =	 {157--196}
}

@Article{kcl99,
  author = 	 {Sangmo Kang and Haecheon Choi and Sangsan Lee},
  title = 	 {Laminar Flow Past a Rotating Cylinder},
  journal = 	 PoF,
  year = 	 1999,
  volume =	 11,
  number =	 11,
  pages =	 {3312--3321}
}

@Article{kko91,
  author = 	 {Lambros Kaiktsis and George Em Karniadakis and 
                  Steven A. Orszag},
  title = 	 {Onset of Three-Dimensionallity, Equilibria, and Early
                  Transition in Flow Over a Backward-Facing Step},
  journal = 	 JFM,
  year = 	 1991,
  volume =	 231,
  pages =	 {501--528}
}

@Article{kl95,
  author = 	 "P. Koumoutsakos and A. Leonard",
  title = 	 "High-Resolution Simulations of the Flow Around an
		  Impulsively Started Circular Cylinder Using Vortex
		  Methods",
  journal =	 JFM,
  year =	 1995,
  volume =	 29,
  pages =	 "13--8"
}

@Article{klc87,
  author = 	 "N. W. M. Ko and Y. C. Leung and J. J. J. Chen",
  title = 	 "Flow Past {V}-Groove Circular Cylinders",
  journal =	 AIAA,
  year =	 1987,
  volume =	 25,
  number =	 6,
  pages =	 "806--811"
}

@Article{kon93,
  author = 	 "Norio Kondo",
  title = 	 "Direct Third-Order Upwind Finite Element Simulation
		  of High {Reynolds} Number Flows Around A Circular Cylinder",
  journal =	 JWEIA,
  year =	 1993,
  volume =	 "46~\&~47",
  pages =	 "349--356"
}

@Article{kyr96,
  author = 	 "Joseph Katz and Steven Yon and Stuart E. Rogers",
  title = 	 "Impulsive Start of a Symmetric Airfoil at High Angle
		  of Attack",
  journal =	 AIAA,
  year =	 1996,
  volume =	 34,
  number =	 2,
  pages =	 "225--230"
}

@Article{lait96,
  author = 	 "E. V. Laitone",
  title = 	 "Aerodynamic Lift at Reynolds Numbers Below $7\times10^4$",
  journal =	 AIAA,
  year =	 1996,
  volume =	 34,
  number =	 9,
  pages =	 "1941--1942"
}

@PhdThesis{leco86,
  author = 	 "Yves Lecointe",
  title = 	 "Contribution a l'Etude Numerique des Ecoulements
		  Bidimensionels, Visqueux et Instationnaires en
		  Regime Laminaire",
  school = 	 "Ecole Nationale Superieure de Mechanique, Nantes",
  year = 	 1986
}

@Article{lerp95,
  author = 	 "D. A. Lyn and S. Einav and W. Rodi and J.-H. Park",
  title = 	 "A Laser-{Doppler} Velocimetry Study of
		  Ensemble-Averaged Characteristics of the Turbulent
		  Near Wake of a Square Cylinder",
  journal =	 JFM,
  year =	 1995,
  volume =	 304,
  pages =	 "285--319"
}

@Article{lh74,
  author = 	 "H. J. Lugt and H. J. Haussling",
  title = 	 "Laminar Flow Past an Abruptly Accelerated Elliptic
		  Cylinder at $45^\circ$ Incidence",
  journal =	 JFM,
  year =	 1974,
  volume =	 65,
  pages =	 "711--734"
}

@Article{limn92,
  author = 	 "T. T. Lim and T. B. Nickels",
  title = 	 "Instability and Reconnection in the Head-On
		  Collision of Two Vortex Rings",
  journal =	 "Nature",
  year =	 1992,
  volume =	 357
}

@Article{linroc96,
  author = 	 "J.-C. Lin and D. Rockwell",
  title = 	 "Force Identification by Vorticity Fields: Techniques
		  Based on Flow Imaging",
  journal =	 JFS,
  year =	 1996,
  volume =	 10,
  pages =	 "633--668"
}

@Article{lmk97,
  author = 	 {Hung Le and Parviz Moin and John Kim},
  title = 	 {Direct Numerical Simulation of Turbulent Flow Over a 
                  Backward-Facing Step},
  journal = 	 JFM,
  year = 	 1997,
  volume =	 330,
  pages =	 {349--374}
}

@Article{lob93,
  author = 	 "J. M. Lopez and C. J. Bulbeck",
  title = 	 "Behaviour of Streamwise Rib Vortices in a
		  Three-Dimensional Mixing Layer",
  journal =	 PoFA,
  year =	 5,
  volume =	 7,
  pages =	 "1694--1702"
}

@Article{lp95,
  author = 	 "T. Leweke and M. Provansal",
  title = 	 "The Flow Behind Rings: Bluff Body Wakes Without End Effects",
  journal =	 JFM,
  year =	 1995,
  volume =	 288,
  pages =	 "265--310"
}

@Article{lsb00,
  author = 	 {L. Li and S. J. Sherwin and P. W. Bearman},
  title = 	 {A Moving Frame of Reference Algorithm for Fluid/Structure
                  Interaction of Rotating and Translating Bodies},
  journal = 	 IJNMF,
  year = 	 2000,
  note =	 {Submitted}
}

@Article{ltr95a,
  author = 	 "J.-C. Lin and J. Towfighi and D. Rockwell",
  title = 	 "Near-Wake of a Circular Cylinder: Control by Steady
		  and Unsteady Surface Injection",
  journal =	 JFS,
  year =	 1995,
  volume =	 9,
  pages =	 "659--669"
}

@Article{ltr95b,
  author = 	 "J.-C. Lin and J. Towfighi and D. Rockwell",
  title = 	 "Instantaneous Structure of the Near-Wake of a
		  Circular Cylinder: On the Effect of {Reynolds} Number",
  journal =	 JFS,
  year =	 1995,
  volume =	 9,
  pages =	 "409--418"
}

@Article{lunman96,
  author = 	 "T. S. Lundgren and N. N. Mansour",
  title = 	 "Transition to Turbulence in an Elliptic Vortex",
  journal =	 JFM,
  year =	 1996,
  volume =	 307,
  pages =	 "43--62"
}

@Article{mebra79,
  author = 	 {R. D. Mehta and P. Bradshaw},
  title = 	 {Design Rules for Small Low Speed Wind Tunnels},
  journal = 	 AJ,
  year = 	 1979,
  pages =	 {443--449},
  month =	 {November}
}

@InProceedings{mgh95,
  author = 	 "P. M. Maheo and M. Gahrib and R. D. Henderson",
  title = 	 "Start-up Flow Past a Circular Cylinder: a Comparison
		  Between DPIV and DNS",
  booktitle =	 "7th Int.\ Symp.\ Flow.\ Viz.",
  address =	 "Seattle",
  month =	 "September"
}

@Article{mh96,
  author = 	 "B. R. Morton and A. Ibbetson",
  title = 	 "Jets Deflected in a Crossflow",
  journal =	 ETFS,
  year =	 1996,
  volume =	 12,
  pages =	 "112--133"
}

@Article{mib96,
  author = 	 "R. Mittal and S. Baldachandar",
  title = 	 "Direct Numerical Simulation of Flow Past Elliptic Cylinders",
  journal =	 JCP,
  year =	 1996,
  volume =	 124,
  pages =	 "351--367"
}

@Article{ml75,
  author = 	 "Unmeel B. Mehta and Zalman Lavan",
  title = 	 "Starting Vortex, Separation Bubbles and Stall: A
		  Numerical Study of Laminar Unsteady Flow Around an Airfoil",
  journal =	 JFM,
  year =	 1975,
  volume =	 67,
  pages =	 "227--256"
}

@Article{mosr93,
  author = 	 "Robert D. Moser and Michael M. Rogers",
  title = 	 "The Three-Dimensional Evolution of a Plane Mixing
		  Layer: Pairing and Transition to Turbulence",
  journal =	 JFM,
  year =	 1993,
  volume =	 247,
  pages =	 "275--320"
}

@Article{mw94,
  author = 	 "C. D. Miller and C. H. K. Williamson",
  title = 	 "Control of Three-Dimensional Phase Dynamics in a
		  Cylinder Wake",
  journal =	 EF,
  year =	 1994,
  volume =	 18,
  pages =	 "26--35"
}

@Article{myw94,
  author = 	 "Hussein Mansy and Pan-Mei Yang and David R. Williams",
  title = 	 "Quantitative Measurements of Three-Dimensional
		  Structures in the Wake of a Circular Cylinder",
  journal =	 JFM,
  year =	 1994,
  volume =	 270,
  pages =	 "277--296"
}

@Article{najv95,
  author = 	 "Fady M. Najjar and S. P. Vankar",
  title = 	 "Simulations of the Unsteady Separated Flow Past a
		  Normal Flat Plate",
  journal =	 IJNMF,
  year =	 1995,
  volume =	 21,
  pages =	 "525--547"
}

@PhdThesis{noca97,
  author = 	 {Flavio Noca},
  title = 	 {On the Evaluation of Time-Dependent Fluid-Dynamic
                  Forces on Bluff Bodies},
  school = 	 {California Institute of Technology},
  year = 	 1997
}

@Article{nor94,
  author = 	 "C. Norberg",
  title = 	 "An Experimental Investigation of the Flow Around a
		  Circular Cylinder: Influence of Aspect Ratio",
  journal =	 JFM,
  year =	 1994,
  volume =	 258,
  pages =	 "287--316"
}

@TechReport{norberg87,
  author = 	 {C. Norberg},
  title = 	 {Effects of {Reynolds} Number and Low-Intensity Freestream
                  Turbulence on the Flow Around a Circular Cylinder},
  institution =  {Dept Appl.\ Thermodyn., Chalmers Univ.\ Tech.},
  year = 	 1987,
  number =	 {87/2}
}

@Article{ns87,
  author = 	 "C. Norberg and B. S{\'{u}}nden",
  title = 	 "Turbulence and {Reynolds} Number Effects on the Flow
		  and Fluid Forces on a Single Cylinder in Cross Flow",
  journal =	 JFS,
  year =	 1987,
  volume =	 1,
  pages =	 "337--357"
}

@Article{ow96,
  author = 	 {L. Ong and J. Wallace},
  title = 	 {The Velocity Field of the Turbulent Very Near Wake of
                  a Circular Cylinder},
  journal = 	 EF,
  year = 	 1996,
  volume =	 20,
  pages =	 {441--453}
}

@Article{pana67,
  author = 	 "Frank Pan and Andreas Acrivos",
  title = 	 "Steady Flows in Rectangular Cavities",
  journal =	 JFM,
  year =	 1967,
  volume =	 28,
  number =	 4,
  pages =	 "643--655"
}

@Article{pchkw97,
  author = 	 {Anil Prassad and Charles H. K. Williamson},
  title = 	 {The Instability of the Shear Layer Separating From a 
                  Bluff Body},
  journal = 	 JFM,
  year = 	 1997,
  volume =	 333,
  pages =	 {375--402}
}

@Article{pcl82,
  author = 	 "A. E. Perry and M. S. Chong and T. T. Lim",
  title = 	 "The Vortex-Shedding Process Behind Two-Dimensional
		  Bluff Bodies",
  journal =	 JFM,
  year =	 1982,
  volume =	 116,
  pages =	 "77--90"
}

@Article{pow61,
  author = 	 "Alan Powell",
  title = 	 "On the Edgetone",
  journal =	 JASA,
  year =	 1961,
  volume =	 33,
  number =	 4,
  pages =	 "395--409"
}

@Article{pp80,
  author = 	 "D. I. Pullen and A. E. Perry",
  title = 	 "Some Flow Visualization Experiments on the Starting Vortex",
  journal =	 JFM,
  year =	 1980,
  volume =	 97,
  number =	 2,
  pages =	 "239--255"
}

@Article{praw97,
  author = 	 {Anil Prasad and Charles H. K. Williamson},
  title = 	 {Three-Dimensional Effects in Turbulent Bluff-Body Wakes},
  journal = 	 JFM,
  year = 	 1997,
  volume =	 343,
  pages =	 {235--265}
}

@Article{ps87,
  author = 	 "A. E. Perry and T. R. Steiner",
  title = 	 "Large-Scale Vortex Structures in Turbulent Wakes
		  behind Bluff Bodies.  {Part}~1.  Vortex Formation Process",
  journal =	 JFM,
  year =	 1987,
  volume =	 174,
  pages =	 "233--270"
}

@Article{psn00,
  author = 	 {B. Protas and A. Stycze},
  title = 	 {An Effective Approach to Computation of Forces in Viscous
                  Incompressible Flows},
  journal = 	 JCP,
  year = 	 2000,
  volume =	 159,
  pages =	 {231--245}
}

@Article{riz94,
  author = 	 "Donald P. Rizzetta",
  title = 	 "Numerical Simulation of Turbulent Cylinder Juncture
		  Flowfields",
  journal =	 AIAA,
  year =	 1994,
  volume =	 32,
  number =	 6,
  pages =	 "1113--1119"
}

@Article{rn76,
  author = 	 "A. Richter and E. Naudascher",
  title = 	 "Fluctuating Forces on a Rigid Circular Cylinder in
		  Confined Flow",
  journal =	 JFM,
  year =	 1976,
  volume =	 78,
  number =	 3,
  pages =	 "561--576"
}

Article{ma93,
  author = 	 "B. Bays-Muchmore and A. Ahmed",
  title = 	 "On Streamwise Vortices in Turbulent Wakes of Cylinders",
  journal =	 PoFA,
  year =	 1993,
  volume =	 5,
  number =	 2,
  pages =	 "387--392"
}

@Article{rogm93,
  author = 	 "Michael M. Rogers and Robert D. Moser",
  title = 	 "Spanwise Scale Selection in Plane Mixing Layers",
  journal =	 JFM,
  year =	 1993,
  volume =	 247,
  number =	 "321--337"
}

@Article{ros95,
  author = 	 "Moshe Rosenfield",
  title = 	 "Utilization of Fourier Decomposition for Analyzing
		  Time-Periodic Flows",
  journal =	 CF,
  year =	 1995,
  volume =	 24,
  number =	 4,
  pages =	 "349--368"
}

@Article{sarp86,
  author = 	 {Turgut Sarpkaya},
  title = 	 {Force on a Circular Cylinder in Viscous Oscillatory Flow
                  at low {K}eulegan--{C}arpenter Numbers},
  journal = 	 JFM,
  year = 	 1986,
  volume =	 165,
  pages =	 {61--71}
}

@Article{saws93,
  author = 	 {B. Sahin and A. J. Ward-Smith},
  title = 	 {The Pressure Distribution in and Flow Characteristics
                  of Wide-Angle Diffusers Using Perforated Plates for Flow
                  Control with Application to Electrostatic Precipitators},
  journal = 	 {Int.\ J. Mech.\ Sci.},
  year = 	 1993,
  volume =	 35,
  number =	 2,
  pages =	 {117--127}
}

@Article{sb92,
  author = 	 "S. Szepessy and P. W. Bearman",
  title = 	 "Aspect Ratio and End Plate Effects on Vortex
		  Shedding from a Circular Cylinder",
  journal =	 JFM,
  year =	 1992,
  volume =	 234,
  pages =	 "191--217"
}

@Article{sclr98,
  author = 	 {J. Sheridan and J. Carberry and J.-C. Lin and D. Rockwell},
  title = 	 {On the Near-Wake Topology of an Oscillating Cylinder},
  journal = 	 JFS,
  year = 	 1998,
  volume =	 12,
  pages =	 {215--220}
}

@Article{shm95,
  author = 	 "W. Schoppa and F. Hussain and R. W. Metcalfe",
  title = 	 "A New Mechanism of Small-Scale Transition in a Plane
		  Mixing Layer: Core Dynamics of Spanwise Vortices",
  journal =	 JFM,
  year =	 1995,
  volume =	 298,
  pages =	 "23--80"
}

@Article{smb00,
  author = 	 {A. K. Saha and K. Muralidhar and G. Biswas},
  title = 	 {Experimental Study of Flow Past a Square Cylinder 
                  at High {Reynolds} Numbers},
  journal = 	 EF,
  year = 	 2000,
  volume =	 29,
  pages =	 {553--563}
}

@TechReport{sn83,
  author = 	 "S. Sanada and O. Nakamura",
  title = 	 "Full-Scale Measurements of Wind Forces Acting on a
		  200\,m Concrete Chimney",
  institution =  "Kajima Institute of Construction Technology",
  year = 	 1983,
  address =	 "Tokyo"
}

@Article{snd96,
  author = 	 {A. Sohankar and C. Norberg and L. Davidson},
  title = 	 {Low-{Reynolds}-Number Flow Around a Square Cylinder
                  at Incidence: Study of Blockage, Onset of Vortex Shedding
                  and Outlet Boundary Condition},
  journal = 	 IJNMF,
  year = 	 1998,
  volume =	 26,
  pages =	 {39--56}
}

@Article{soyu89,
  author = 	 "Charles C. S. Song and Mingshun Yuan",
  title = 	 "Simulation of Vortex-Shedding Flow About a Circular
		  Cylinder at High {Reynolds} Numbers",
  journal =	 JFE,
  year =	 1990,
  volume =	 112,
  pages =	 "155--163"
}

@InCollection{spo91,
  author = 	 "K. Shariff and  T. H. Pulliam and J. M. Ottino",
  title = 	 "A Dynamical Systems Analysis of Kinematics in the
		  Time-Periodic Wake of a Circular Cylinder",
  booktitle =	 "Lectures in Applied Mathematics",
  publisher =	 "AMS",
  editor =	 "Anderson and Greengard",
  year =	 1991,
  volume =	 28,
  pages =	 "613--646"
}

@Article{ss90,
  author = 	 "P. J. Strykowski and K. R. Sreenivasan",
  title = 	 "On the Formation and Suppression of Vortex
		  `Shedding' at Low {Reynolds} Numbers",
  journal =	 JFM,
  year =	 1990,
  volume =	 218,
  pages =	 "71--107"
}

@Article{ssg97,
  author = 	 {M. C. Sharatchandra and Mihir Sen and Mohamed Gad-El-Hak},
  title = 	 {{Navier--Stokes} Simulations of a Novel Viscous Pump},
  journal = 	 JFE,
  year = 	 1997,
  volume =	 119,
  pages =	 {372--382}
}

@Article{ssm92,
  author = 	 "Satoshi Sanada and Masayasu Suzuki and Hiashi Matsumoto",
  title = 	 "Full Scale Measurements of Wind Force Acting on a
		  200\,m Concrete Chimney, and the Chimney's Response",
  journal =	 JWEIA,
  year =	 1992,
  volume =	 43,
  pages =	 "2165--2176"
}

@Article{stan74,
  author = 	 "P. K. Stansby",
  title = 	 "The Effect of End Plates on the Base Pressure
		  Coefficient of a Circular Cylinder",
  journal =	 AJ,
  year =	 1974,
  pages =	 "36--37",
  month =	 "Jan"
}

@Article{subr75,
  author = 	 {D. Sucker and H. Brauer},
  title = 	 {Fluiddynamik bei quer Angestr{\"{o}}mten Zylindern},
  journal = 	 {W{\"{a}}rme- \& Stoff{\"{u}}bertragung},
  year = 	 1975,
  volume =	 8,
  pages =	 {149--158},
}

@Article{swca93,
  author = 	 "W. C. L. Shih and C. Wang and D. Coles and A. Roshko",
  title = 	 "Experiments on Flow Past Rough Circular Cylinders at
		  Large {Reynolds} Numbers",
  journal =	 JWEIA,
  year =	 1993,
  volume =	 49
}

@Article{taneda78,
  author = 	 {Sadatoshi Taneda},
  title = 	 {Visual Observations of the Flow Past a Circular Cylinder
                  Performing Rotatory Oscillations},
  journal = 	 {J.\,Phys.\ Soc.\ Japan},
  year = 	 1978,
  volume =	 45,
  number =	 3,
  pages =	 {1038--1043}
}

@Article{ths96,
  author = 	 "Mark C. Thompson and Kerry Hourigan and John Sheridan",
  title = 	 "Three-Dimensional Instabilities in the Wake of a
		  Circular Cylinder",
  journal =	 ETFS,
  year =	 1996,
  volume =	 12,
  pages =	 "190--196"
}

@Article{tok90,
  author = 	 "Tetsuro Tamura and Ichiro Ohta and Kunio Kuwahara",
  title = 	 "On the Reliability of Two-Dimensional Simulation
		  for Unsteady Flows around Cylinder-Type Structure",
  journal =	 JWEIA,
  year =	 1990,
  volume =	 35,
  pages =	 "275--298"
}

@Article{toma51,
  author = 	 {S. Tomotika and T. Aoi},
  title = 	 {An Expansion Formula for the Drag on a Circular Cylinder
                  Moving Through Viscous Fluid at Small {R}eynolds Numbers},
  journal = 	 {Quart.\ J.\,Mech.\ Appl.\ Math.},
  year = 	 1951,
  volume =	 {IV},
  number =	 4,
  pages =	 {401--406}
}

@Article{tomay,
  author = 	 {S. Tomotika and T. Aoi and H. Yosinobu},
  title = 	 {On the Forces Acting on a Circular Cylinder Set Obliquely
                  in a Uniform Stream at Low Values of {R}eynolds Number},
  journal = 	 PTRSA,
  year = 	 1953,
  volume =	 219,
  pages =	 {233--244}
}

@Article{trki91,
  author = 	 {A. W. Troesch and S. K. Kim},
  title = 	 {Hydrodynamic Forces Acting on Cylinder Oscillating at
                  Small Amplitudes},
  journal = 	 JFS,
  year = 	 1991,
  volume =	 5,
  pages =	 {113--126}
}

@Article{wa82,
  author = 	 "G. S. West and C. J. Apelt",
  title = 	 "The Effects of Tunnel Blockage and Aspect Ratio on
		  the Mean Flow Past a Circular Cylinder with
		  {Reynolds} Numbers Between $10^4$ and $10^5$",
  journal =	 JFM,
  year =	 1982,
  volume =	 114,
  pages =	 "361--377"
}

@Article{wa93,
  author = 	 "G. S. West and C. J. Apelt",
  title = 	 "Measurements of Fluctuating Pressures and Forces on
		  a Cylinder in the {Reynolds} Number Range $10^4$ to
		  2.5\times10^5",
  journal =	 JFS,
  year =	 1993,
  volume =	 7,
  pages =	 "227--244"
}

@Article{weap97,
  author = 	 {G. S. West and C. J. Apelt},
  title = 	 {Fluctuating Lift and Drag Forces on Finite Lengths of a
                  Circular Cylinder in the
                  Subcritical {Reynolds} Number Range},
  journal = 	 JFS,
  year = 	 1997,
  volume =	 11,
  pages =	 {135--158}
}

@Article{weli01,
  author = 	 {C.-Y. Wen and C.-Y. Lin},
  title = 	 {Two-Dimensional Vortex Shedding of a Circular Cylinder},
  journal = 	 PoF,
  year = 	 2001,
  volume =	 13,
  number =	 3,
  pages =	 {557--560}
}

@Article{whwdts90,
  author = 	 "M. C. Welsh and K. Hourigan and L. W. Welch and
		  R. J. Downie and M. C. Thompson and A. N. Stokes",
  title = 	 "Acoustics and Experimental Methods: The Influence of
		  Sound on Flow and Heat Transfer",
  journal =	 ETFS,
  year =	 1990,
  volume =	 3,
  pages =	 "138--152"
}

@Article{wil82,
  author = 	 "James C. Williams",
  title = 	 "Flow Development in the Vicinity of the Sharp
		  Trailing Edge on Bodies Impulsively Set Into Motion",
  journal =	 JFM,
  year =	 1982,
  volume =	 115,
  pages =	 "27--37"
}

@Article{wmf96,
  author = 	 "D. R. Williams ad H. Mansy and A. Abouel-Fotouh",
  title = 	 "Three-Dimensional Subharmonic Waves During
		  Transition in the Near-Wake Region of a Cylinder",
  journal =	 PoFA,
  year =	 1996,
  note =	 "Submitted"
}

@Article{wp93a,
  author = 	 "C. H. K. Williamson and A. Prasad",
  title = 	 "A New Mechanism for Oblique Wave Resonance in the
		  `Natural' Far Wake",
  journal =	 JFM,
  year =	 1993,
  volume =	 256,
  pages =	 "269--313"
}

@Article{wp93b,
  author = 	 "C. H. K. Williamson and A. Prasad",
  title = 	 "Acoustic Forcing of Oblique Wave Resonance in the
		  Far Wake",
  journal =	 JFM,
  year =	 1993,
  volume =	 256,
  pages =	 "315--341"
}

@Article{wpb96,
  author = 	 "M. C. Wolochuk and M. W. Plesniak and J. E. Braun",
  title = 	 "The Effects of Turbulence and Unsteadiness on Vortex
		  Shedding Form Sharp-Edged Bluff Bodies",
  journal =	 JFE,
  year =	 1996,
  volume =	 118,
  pages =	 "18--25"
}

@Article{wr90,
  author = 	 "C. H. K. Williamson and A. Roshko",
  title = 	 "Measurements of Base Pressure in the Wake of a
		  Circular Cylinder at Low {Reynolds} Numbers",
  OPTjournal = 	 "Zeitschrift f{\"{u}}r Flugwissenschaften und
		  Weltraumforschung",
  year =	 1990,
  volume =	 14,
  pages =	 "38--46"
}

@Article{ws96,
  author = 	 "T. Wei and C. R. Smith",
  title = 	 "Secondary Vortices in the Wake of Circular Cylinders",
  journal =	 JFM,
  year =	 1986,
  volume =	 169,
  pages =	 "513--533"
}

@Article{wslrss91,
  author = 	 {A. J. Ward-Smith and D. L. Lane
                  and A. J. Reynolds and S. Sahin and D. J. Shawe},
  title = 	 {Flow Regimes in Wide-Angle Screened Diffusers},
  journal = 	 {Int.\ J. Mech.\ Sci.},
  year = 	 1991,
  volume =	 33,
  number =	 1,
  pages =	 {41--54}
}

@Article{wssw94,
  author = 	 "J. Wu and J. Sheridan and J. Soria and M. C. Welsh",
  title = 	 "An Experimental Investigation of Streamwise Vortices
		  in the Wake of a Bluff Body ",
  journal =	 JFS,
  year =	 1994,
  volume =	 8,
  pages =	 "621--625"
}

@Article{wswh96,
  author = 	 {J. Wu and J. Sheridan and M. C. Welsh and K. Hourigan},
  title = 	 {Three-Dimensional Vortex Structures in a Cylinder Wake},
  journal = 	 JFM,
  year = 	 1996,
  volume =	 312,
  pages =	 {201--222}
}

@Article{wswht94,
  author = 	 "J. Wu and J. Sheridan and M. C. Welsh and M. Thompson",
  title = 	 "Longitudinal Vortex Structures in a Cylinder Wake",
  journal =	 PoF,
  year =	 1994,
  volume =	 6,
  number =	 9,
  pages =	 "2883--2885"
}

@Article{wush97,
  author = 	 {J. Wu and J. Sheridan},
  title = 	 {The Wake of an Orbiting Cylinder},
  journal = 	 JFS,
  year = 	 1997,
  volume =	 11,
  pages =	 {617--626}
}

@InProceedings{yat71,
  author = 	 "T. Yano and S. Takahara",
  title = 	 "Study on Unsteady Aerodynamic Forces Acting on an
		  Oscillating Cylinder",
  pages =	 "737--746",
  booktitle =	 "3rd Int.\ Conf.\ Wind Effects Build.\ Struct.",
  year =	 1971,
  address =	 "Tokyo"
}

@Article{ymw93,
  author = 	 "Pan-Mei Yang and Hussien Mansy and David R. Williams",
  title = 	 "Oblique and Parallel Wave Interaction in the Near
		  Wake of a Circular Cylinder",
  journal =	 PoFA,
  year =	 1993,
  volume =	 5,
  number =	 7,
  pages =	 "1657--1660"
}

@Article{zak96,
  author = 	 {M. N. Zakharenkov},
  title = 	 {Unsteady Detached Separation form a Circular Cylinder 
                  Performing Rotational Oscillations in a Uniform Viscous
                  Incompressible Flow},
  journal = 	 IJNMF,
  year = 	 1996,
  volume =	 25,
  pages =	 {125--142}
}

@Article{zd98,
  author = 	 {Jianfeng Zhang and Charles Dalton},
  title = 	 {A Three-Dimensional Simulation of a Steady Approach Flow
                  Past a Circular Cylinder at Low {R}eynolds Number},
  journal = 	 IJNMF,
  year = 	 1998,
  volume =	 26,
  pages =	 {1006--1022}
}

@Article{zdr69,
  author = 	 "M. M. Zdravkovich",
  title = 	 "Smoke Observations of the Formation of a
		  {K{\'{a}}rm{\'{a}}n} Vortex Street",
  journal =	 JFM,
  year =	 1967,
  volume =	 37,
  number =	 3,
  pages =	 "491--469"
}

@Article{zdr81,
  author = 	 "M. M. Zdravkovich",
  title = 	 "Review and Classification of Various Aerodynamic and
		  Hydrodynamic Means for Supressing Vortex Shedding",
  journal =	 JWEIA,
  year =	 1981,
  volume =	 7,
  pages =	 "145--189"
}

@Article{zdr90,
  author = 	 "M. M. Zdravkovich",
  title = 	 "Conceptual Overview of Laminar and Turbulent Flows
		  Past Smooth and Rough Circular Cylinders",
  journal =	 JWEIA,
  year =	 1990,
  volume =	 33,
  pages =	 "53--62"
}

@Article{snd99,
  author = 	 {Ahmad Sohankar and C. Norberg and L. Davidson},
  title = 	 {Simulation of Three-Dimensional Flow Around a Square
                  Cylinder at Moderate {Reynolds} Numbers},
  journal = 	 PoF,
  year = 	 1999,
  volume =	 11,
  number =	 2,
  pages =	 {288--306}
}

@Article{miba95,
  author = 	 {R. Mittal and S. Balachandar},
  title = 	 {Generation of Streamwise Vortical Structures 
                  in Bluff Body Wakes},
  journal = 	 PRL,
  year = 	 1995,
  volume =	 75,
  number =	 7,
  pages =	 {1300--1304}
}

@Article{zfnke95,
  author = 	 {Hong-Quan Zhang and Uwe Fey and Bernd R. Noack and 
                  Michael K{\"{o}}nig and Helmut Eckelmann},
  title = 	 {On the Transition of the Cylinder Wake},
  journal = 	 PoF,
  year = 	 1995,
  volume =	 7,
  number =	 4,
  pages =	 {779--794}
}

@Article{maka02,
  author = 	 {Xia Ma and George Em Karniadakis},
  title = 	 {A Low-Dimensional Model for Simulating
                  Three-Dimensional Cylinder Flow},
  journal = 	 JFM,
  year = 	 2202,
  volume =	 458,
  pages =	 {181--190}
}

@Article{mkaka00,
  author = 	 {X. Ma and G.-S. Karamanos and G. E. Karniadakis},
  title = 	 {Dynamics and Low-Dimensionality of a Turbulent Near Wake},
  journal = 	 JFM,
  year = 	 2000,
  volume =	 410,
  pages =	 {29--65}
}

@Article{sth03,
  author = 	 {G. J. Sheard and M. C. Thompson and K. Hourigan},
  title = 	 {From Spheres to Circular Cylinders: The Stability
                  and Flow Structures of Bluff Ring Wakes},
  journal = 	 JFM,
  year = 	 2003,
  volume =	 492,
  pages =	 {147--180}
}

@Article{sth04,
  author = 	 {G. J. Sheard and M. C. Thompson and K. Hourigan},
  title = 	 {From Spheres to Circular Cylinders: Non-Axisymmetric
                  Transitions in the Flow Past Rings},
  journal = 	 JFM,
  year = 	 2004,
  volume =	 506,
  pages =	 {45--78}
}

@Article{sarp01,
  author = 	 {T. Sarpkaya},
  title = 	 {On the Force Decompositions of {Lighthill} and {Morison}},
  journal = 	 JFS,
  year = 	 2001,
  volume =	 15,
  pages =	 {227--233}
}

@Article{yaro02,
  author = 	 {Y. Yang and D. Rockwell},
  title = 	 {Wave Interaction With a Vertical Cylinder: Spanwise Flow
                  Patterns and Loading},
  journal = 	 JFM,
  year = 	 2002,
  volume =	 460,
  pages =	 {93--129}
}

@Article{yaro04,
  author = 	 {Y. Yang and D. Rockwell},
  title = 	 {Wave Interaction With a Vertical Cylinder: Spanwise Flow
                  Patterns and Loading},
  journal = 	 JFM,
  year = 	 2004,
  volume =	 520,
  pages =	 {267--295}
}

@Article{hbvft03,
  author = 	 {Y. Hoarau and M. Braza and Y. Ventikos and 
                  F. Faghani and G. Tzabiras},
  title = 	 {Organized Modes and the Three-Dimensional Transition to 
                  Turbulence in the Incompressible Flow Around a
                  NACA0012 Wing},
  journal = 	 JFM,
  year = 	 2003,
  volume =	 496,
  pages =	 {63--72}
}

@Article{jlc03,
  author = 	 {Stephanie Julien and Juan Lasheras and Jean-Marc Chomaz},
  title = 	 {Three-Dimensional Instability and Vorticity Patterns
                  in the Wake of a Flat Plate},
  journal = 	 JFM,
  year = 	 2003,
  volume =	 479,
  pages =	 {155--189}
}

@Article{plc80,
  author = 	 {A. E. Perry and T. T. Lim and M. S. Chong},
  title = 	 {The Instantaneous Velocity Fields of Coherent Structures
                  in Coflowing Jets and Wakes},
  journal = 	 JFM,
  year = 	 1980,
  volume =	 101,
  pages =	 {243--256}
}

@Article{sbm03,
  author = 	 {A. K. Saha and G. Biswas and K. Muralidhar},
  title = 	 {Three-Dimensional Study of Flow Past a Square Cylinder
                  at Low {Reynolds} Number},
  journal = 	 IJHFF,
  year = 	 2003,
  volume =	 24,
  pages =	 {54--66}
}

@Article{swyt02,
  author = 	 {Q. Zhu and M. J. Wolfgang and D. K. P. Yue and 
                  M. S. Triantafyllou},
  title = 	 {Three-Dimensional Flow Structures and Vorticity
                  Control in Fish-Like Swimming},
  journal = 	 JFM,
  year = 	 2002,
  volume =	 468,
  number =	 {1--28}
}

@Article{scw97,
  author = 	 {H. J. Sheen and W. J. Chen and J. S. Wu},
  title = 	 {Flow Patterns for an Annular Flow Over an Axisymmetric
                  Sudden Expansion},
  journal = 	 JFM,
  year = 	 1997,
  volume =	 350,
  pages =	 {177--188}
}

@Article{lcm86,
  author = 	 {J. C. Lasheras and J. S. Cho and T. Maxworthy},
  title = 	 {On the Origin of Streamwise Vortical Structures in a Plane,
                  Free Shear Layer},
  journal = 	 JFM,
  year = 	 1986,
  volume =	 172,
  pages =	 {231--258}
}

@Article{grs98,
  author = 	 {M. Gharib and E. Rambod and K. Shariff},
  title = 	 {A Universal Time Scale for Vortex Ring Formation},
  journal = 	 JFM,
  year = 	 1998,
  volume =	 360,
  pages =	 {121--140}
}

@Article{shgh00,
  author = 	 {M. Shusser and M. Gharib},
  title = 	 {A Model for Vortex Ring Formation in a
                  Starting Buoyant Plume},
  journal = 	 JFM,
  year = 	 2000,
  volume =	 416,
  pages =	 {173--185}
}

@TechReport{tb88,
  author = 	 {M. Tatsuno and P. W. Bearman},
  title = 	 {Visual Study of the Flow Induced by a Cylinder 
                  Performing Sinusoidal Oscillations},
  institution =  {Research Institute for Applied Mechanics,
                  Kyushu University},
  year = 	 1988,
  type =	 {Bulletin},
  number =	 66
}

@Article{nab04,
  author = 	 {D. Nehari and V. Armenio and F. Ballio},
  title = 	 {Three-Dimensional Analysis of the Unidirectional
                  Oscillatory Flow Around a Circular Cylinder at Low
                  {Keulegan}--{Carpenter} and $\beta$ Numbers},
  journal = 	 JFM,
  year = 	 2004,
  volume =	 520,
  pages =	 {157--186}
}

