% $Id$
%%%%%%%%%%%%%%%%%%%%%%%%%%%%%%%%%%%%%%%%%%%%%%%%%%%%%%%%%%%%%%%%%%%%%%%%%%%%%%

@Article{lait79b,
  author = 	 {J. A. Laitone},
  title = 	 {Aerodynamic Effects in the Erosion Process},
  journal = 	 {Wear},
  year = 	 1979,
  volume =	 56,
  pages =	 {239--246}
}

@Article{lait79a,
  author = 	 {J. A. Laitone},
  title = 	 {Erosion Prediction Near a Stagnation Point Resulting from
                  Aerodynamically Entrained Solid Particles},
  journal = 	 {J.\, Aircraft},
  year = 	 1979,
  volume =	 16,
  number =	 12,
  pages =	 {809--814}
}

@Article{hum90,
  author = 	 "J. A. C. Humphrey",
  title = 	 "Fundamentals of Fluid Motion in Erosion by Solid
		  Particle Impact",
  journal =	 IJHFF,
  year =	 1990,
  volume =	 11,
  number =	 3,
  pages =	 "170--195"
}

@Article{tfm89,
  author = 	 "S. Turenne and M. Fiset and J. Masounave",
  title = 	 "The Effect of Sand Concentration on the Erosion of
		  Materials by a Slurry Jet",
  journal =	 "Wear",
  year =	 1989,
  volume =	 133,
  pages =	 "95--106"
}

@Article{zhb90,
  author = 	 "J. B. Zhu and I.M. Hutchings and G. T. Burstein",
  title = 	 "Design of a Slurry Erosion Test Rig",
  journal =	 "Wear",
  year =	 1990,
  volume =	 140,
  pages =	 "331--344"
}

@Article{finnie60,
  author = 	 {I. Finnie},
  title = 	 {Erosion of Surfaces by Solid Particles},
  journal = 	 {Wear},
  year = 	 1960,
  volume =	 3,
  pages =	 {87--103}
}

