% $Id$
%%%%%%%%%%%%%%%%%%%%%%%%%%%%%%%%%%%%%%%%%%%%%%%%%%%%%%%%%%%%%%%%%%%%%%%%%%%%%%%

@Article{dav95,
  author = 	 "A. G. Davenport",
  title = 	 "How Can We Simplify and Generalize Wind Loads?",
  journal =	 JWEIA,
  year =	 1995,
  volume =	 "54/55",
  pages =	 "657--669"
}

@Article{rk95,
  author = 	 "Rohan C. Smith and Leonard L. Koss",
  title = 	 "Ball and Oil Dampers for Mast Structures",
  journal =	 JWEIA,
  year =	 1995,
  volume =	 56,
  pages =	 "169--183"
}

@Article{britter89,
  author = 	 {R. E. Britter},
  title = 	 {Atmospherics Dispersion of Dense Gases},
  journal = 	 ARFM,
  year = 	 1989,
  volume =	 21,
  pages =	 {317--44}
}

